4742 5600
1055 397 1252 462 ...st-

225 585 321 671 sivit,
345 608 430 655 num
454 585 511 654 ille
534 584 680 652 veniret.
726 582 785 651 Ad
808 605 900 672 quae
922 584 1119 653 Tecmessa
1145 582 1241 651 aliud
1268 606 1356 652 sane
1379 585 1600 673 respondere
1626 607 1701 653 non
1728 598 1847 674 potest
1873 586 1940 655 nisi
1971 587 2081 656 filium

223 692 293 763 iam
327 714 348 759 a
377 689 537 758 ministro
568 687 696 757 afferri.
748 687 944 758 Tecmessa
972 688 1078 778 igitur
1107 688 1326 776 Eurysacem
1357 687 1523 756 vocando
1550 689 1825 777 praenuntiavit,
1855 703 1894 759 ut
1923 691 2081 762 actiones

224 795 317 864 inter
339 817 379 863 se
403 805 684 863 conecterentur.
731 793 925 880 Postquam
950 793 1082 861 chorus
1104 791 1246 877 cecinit,
1269 791 1373 875 Aiax,
1397 814 1503 881 quem
1526 790 1722 861 Tecmessa
1745 794 1918 882 sequitur,
1942 817 1986 862 ex
2009 808 2080 864 ten·
2145 816 2147 820 ·

224 898 316 967 torio
340 897 377 966 in
403 919 571 967 scaenam
596 897 766 988 procedit.
812 896 883 984 Qui
907 898 954 965 ob
977 918 1056 965 eam
1086 917 1231 964 causam
1260 894 1499 985 praenuntiari
1522 918 1596 964 non
1619 909 1751 986 potest,
1775 897 1872 986 quod
1896 920 2013 986 neque
2035 901 2079 968 ab

224 1004 404 1073 actoribus
435 1025 598 1091 nequea
628 1001 807 1071 choreutis
838 1002 935 1091 prius
965 999 1198 1091 conspicitur,
1229 1022 1335 1088 quam
1363 999 1399 1068 in
1433 1001 1546 1089 ipsam
1583 1022 1749 1069 scaenam
1778 1001 1917 1091 prodiit.
1969 1002 2079 1072 Recte

222 1104 329 1195 igitur
351 1105 642 1175 Kuhlenbeckius
665 1105 752 1174 dixit
773 1126 959 1195 personas
983 1127 1075 1193 quae
1097 1127 1162 1194 per
1185 1117 1308 1193 portas
1331 1104 1368 1171 in
1389 1125 1521 1172 scaena
1544 1104 1663 1172 ductili
1686 1118 1884 1174 exstructas
1914 1128 2079 1175 scaenam

223 1209 370 1295 adirent,
396 1232 471 1278 non
494 1208 742 1299 praenuntiari.
788 1208 862 1279 Sed
886 1210 956 1276 hoc
979 1207 1122 1296 quidem
1139 1208 1244 1293 addo,
1261 1207 1337 1276 fieri
1358 1229 1477 1298 posse,
1495 1220 1534 1276 ut
1557 1221 1733 1277 actores
1756 1208 1842 1297 ipsi
1865 1209 2077 1279 exclama-

223 1314 426 1384 tionibus
465 1337 504 1382 se
542 1313 751 1382 introituros
790 1311 1054 1404 praenuntient,
1095 1312 1193 1381 velut
1227 1312 1319 1381 Aiax
1357 1324 1461 1381 antea
1503 1312 1580 1402 ipse
1620 1312 1936 1382 exclamationibus
1970 1336 2010 1382 se
2044 1314 2080 1382 in

223 1417 462 1506 eccyclemate
485 1428 717 1506 conspectum
740 1415 781 1484 iri
804 1415 1073 1505 praenuntiavit.

377 1554 471 1623 Aiax
493 1567 532 1623 ut
554 1554 706 1644 primum
721 1554 918 1623 Tecmessa
932 1554 969 1623 in
984 1554 1175 1624 tentorium
1192 1554 1303 1639 rediit,
1320 1554 1397 1643 ipse
1417 1555 1499 1624 dicit
1514 1578 1554 1625 se
1570 1555 1745 1624 abiturum
1762 1577 1843 1624 esse
1866 1555 1919 1624 his
1942 1554 2081 1624 verbis:

596 1715 690 1762 vers.
712 1697 787 1782 690.
833 1691 909 1780 ἐγὼ
935 1693 1009 1782 γὰρ
1035 1689 1114 1779 εἶμ’
1142 1692 1263 1761 insit?
1291 1688 1386 1760 ὅποι
1413 1700 1651 1780 πορευτέον·

825 1795 916 1884 ι’·μεῖς
939 1801 969 1866 d'
991 1799 1011 1865 ἃ
1034 1800 1146 1890 φράζω
1168 1802 1271 1887 δρᾶτε,
1292 1801 1346 1866 καὶ
1366 1799 1437 1881 τάχ’
1458 1796 1497 1865 ἄν
1514 1799 1549 1883 μ’
1572 1799 1649 1880 ἴσως

828 1909 1005 1987 adducatis,
1028 1905 1076 1974 κεί
1096 1916 1151 1973 νῖν
1171 1909 1323 1989 δυστυχῶ,
1346 1911 1549 1992 σεσῳσμένον.

376 2058 485 2145 Quod
508 2084 571 2130 cur
600 2062 741 2149 dixerit,
765 2087 859 2133 nunc
890 2064 1117 2153 indagemus!
1162 2063 1325 2135 Scaenae
1355 2063 1588 2132 exornatione
1617 2066 1781 2149 mutata¹t
1810 2063 1904 2132 Aiax
1934 2086 2077 2155 progre-

223 2162 316 2231 ditur
345 2177 570 2255 spectatores
600 2167 874 2258 haudquaquam
905 2169 1075 2238 certiores
1105 2168 1238 2237 saciens
1267 2180 1328 2236 aut
1357 2168 1402 2237 de
1431 2167 1490 2236 illa
1522 2167 1670 2256 regione
1700 2180 1774 2254 aut,
1805 2168 1900 2236 unde
1930 2168 1966 2236 in
1996 2192 2076 2237 eum

223 2265 342 2334 locum
367 2269 578 2358 pervenerit.
623 2269 744 2359 Itaque
768 2271 834 2340 nisi
857 2285 962 2341 antea
984 2272 1147 2356 dixisset,
1172 2294 1245 2360 quo
1269 2271 1397 2355 abiret,
1421 2270 1539 2340 nullus
1569 2294 1729 2341 conexus
1759 2294 1839 2340 cum
1870 2271 2076 2340 anteceden-

223 2369 316 2439 tibus
340 2371 538 2442 exsisteret
583 2373 752 2444 Fortasse
775 2375 868 2445 dicet
895 2377 1070 2465 quispiam
1093 2376 1259 2459 Aiacem,
1288 2397 1368 2443 cum
1391 2374 1427 2442 in
1456 2397 1538 2443 eum
1568 2375 1685 2443 locum
1716 2373 1954 2466 pervenisset,
1984 2396 2077 2443 com-

222 2494 420 2543 memorare
446 2475 616 2581 potuisse,
641 2478 736 2547 unde
758 2479 925 2548 venisset.
971 2480 1046 2551 Sed
1070 2492 1177 2569 poeta
1200 2479 1235 2548 id
1258 2479 1401 2567 quidem
1432 2491 1623 2570 propterea
1645 2478 1798 2547 evitasse
1821 2477 1904 2546 mihi
1926 2477 2077 2562 videtur,

222 2576 319 2664 quod
343 2579 653 2649 accommodatum
676 2604 750 2651 non
774 2595 849 2651 erat
878 2584 923 2651 ad
946 2582 1051 2664 animi
1082 2583 1248 2651 affectum
1272 2581 1408 2665 Aiacis,
1431 2594 1485 2666 ut,
1515 2581 1721 2671 priusquam
1751 2604 1790 2650 se
1819 2582 1896 2670 ipse
1923 2592 2075 2666 necaret,

220 2679 481 2768 spectatoribus
506 2698 712 2772 exponeret,
735 2687 830 2755 unde
853 2687 1021 2757 venisset.

375 2800 450 2887 Qui
480 2803 540 2872 ubi
569 2805 653 2875 abiit
682 2808 826 2878 nuntius
857 2832 878 2878 a
905 2810 1049 2879 Teucro
1077 2809 1209 2878 missus
1241 2821 1325 2900 post
1353 2830 1498 2877 versum
1528 2808 1602 2897 718.
1632 2806 1814 2875 recitatum
1844 2806 1880 2875 in
1909 2829 2075 2876 scaenam

220 2903 390 2992 procedit.
437 2904 554 2991 Quem
577 2931 598 2977 a
621 2910 733 2980 choro
756 2913 994 3001 praenuntiari
1017 2935 1090 2981 non
1120 2924 1278 3002 oportet,
1303 2936 1384 2982 eum
1406 2912 1442 2981 id
1471 2934 1589 3001 neque
1611 2934 1730 2982 rerum
1758 2934 1918 2981 conexus
1946 2912 2074 3002 exigat,

220 3029 338 3095 neque
358 3007 436 3077 eius
463 3031 618 3098 persona
641 3036 806 3103 magnam
830 3015 1036 3105 dignitatem
1066 3038 1151 3107 prae
1178 3039 1220 3085 se
1242 3017 1340 3086 ferat.
1385 3017 1466 3107 lpse
1495 3029 1631 3101 autem,
1656 3037 1773 3104 aquo
1802 3014 1933 3084 missus
1956 3016 2017 3101 sit,
2041 3029 2077 3084 et

220 3109 304 3199 quid
328 3111 421 3196 velit,
445 3128 586 3183 enarrat
607 3116 662 3185 his
685 3119 820 3188 verbis:

592 3261 684 3308 vers,
708 3262 781 3331 717.
827 3240 936 3330 ἄνδρες
954 3245 1053 3333 φίλοι,
1075 3243 1113 3309 τὸ
1135 3253 1264 3329 πρῶτον
1285 3241 1428 3331 ἀγγεῖλαι
1450 3245 1549 3326 θέλω,

827 3359 999 3436 Τεῦκρος
1026 3354 1222 3436 πάρεστιν
1249 3347 1341 3434 ἄρτι
1369 3355 1530 3417 Μυσίαν
1557 3350 1637 3416 ἀπὸ

820 3466 1016 3546 κρημνῶν·
1037 3463 1134 3541 μέσον
1154 3457 1190 3523 di
1211 3458 1402 3543 ιιροσμσλιῦν
1423 3461 1608 3546 στρατήγιον

820 3563 982 3644 κυόάζιται
1003 3575 1072 3642 τοῖς
1092 3571 1189 3629 πᾶσιν
1200 3561 1347 3649 Ἀργείοις
1367 3559 1457 3647 ὁμοῦ.

377 3711 517 3809 Quibus
540 3721 668 3791 auditis
691 3722 823 3790 chorus
845 3720 1077 3788 Tecmessam
1100 3720 1267 3789 vocando
1290 3721 1514 3809 praenuntiat
1537 3722 1591 3790 his
1614 3723 1749 3792 verbis:

582 3881 675 3928 verS.
699 3861 772 3949 784.
818 3853 845 3925 d
867 3860 942 3925 δαΐα
967 3859 1139 3948 Τέκμησσα,
1163 3861 1318 3946 δύσμορον
1337 3866 1435 3949 γένος,

813 3961 871 4053 ὅρα
892 3967 1031 4050 μολοῦσα
1052 3967 1138 4032 τόνδ’
1159 3962 1248 4032 ὁποῖ’
1270 3965 1333 4056 ἕνα]
1355 3973 1463 4054 θροεῖ·

816 4075 901 4159 ξορεῑ
923 4072 984 4160 γὰρ
1006 4070 1039 4138 έν
1058 4081 1125 4158 χρῷ
1145 4081 1250 4155 cairo,
1272 4074 1317 4163 pt,
1335 4080 1455 4162 χαίρειν
1474 4076 1555 4140 τινά.

374 4231 422 4303 Ut
444 4232 537 4301 enim
561 4245 666 4301 antea
687 4232 890 4321 Eurysaces
916 4254 937 4301 a
958 4230 1155 4300 Tecmessa
1182 4244 1334 4300 vocatus
1362 4232 1399 4300 in
1422 4255 1587 4302 scaenam
1617 4235 1771 4320 ducitur,
1802 4236 1849 4304 ita
1877 4234 2073 4305 Tecmessa

217 4360 239 4406 a
269 4338 380 4407 choro
410 4347 575 4420 vocatur,
605 4348 643 4404 ut
672 4358 693 4404 e
720 4335 873 4404 tentorio
903 4334 1122 4423 egrediatur,
1152 4335 1322 4423 quoniam
1350 4336 1452 4405 aliter
1480 4350 1586 4427 atque
1615 4352 1743 4407 vocata
1772 4353 1852 4428 apte
1881 4340 2071 4409 tentorium

201 4441 417 4529 'relinquere
447 4463 520 4510 non
550 4439 674 4530 potuit,
704 4439 911 4530 praesertim
941 4461 1021 4507 cum
1046 4437 1139 4506 Aiax
1160 4438 1325 4507 iussisset
1347 4461 1426 4508 eam
1450 4439 1485 4508 in
1508 4440 1662 4510 tentorio
1686 4443 1775 4512 deos
1798 4443 2004 4533 implorare,
2034 4457 2072 4513 ut

217 4543 327 4633 ipsius
348 4556 434 4612 vota
457 4543 628 4612 audirent.

371 4663 490 4732 Versu
512 4664 593 4753 814:
638 4666 733 4746 τάχος
753 4663 812 4752 γὰρ
835 4662 927 4751 ἔργον
954 4665 1008 4730 καὶ
1029 4664 1139 4731 ποδῶν
1166 4660 1224 4749 ἅμ’
1251 4644 1366 4752 ἕψεται
1387 4689 1409 4735 a
1431 4667 1542 4735 choro
1572 4666 1718 4736 recitato
1741 4667 1937 4738 Tecmessa
1965 4679 2070 4756 atque

218 4767 362 4840 nuntius
386 4789 570 4853 scaenam,
594 4771 785 4838 choreutae
810 4773 1029 4841 orchestram
1057 4769 1277 4859 relinquunt,
1307 4784 1346 4838 ut
1374 4770 1591 4840 Tecmessae
1620 4774 1787 4842 mandata
1815 4784 2076 4862 exsequantur:

221 4961 532 4972 -——--——-

372 5044 392 5113 ¹)
411 5044 458 5103 cfr.
479 5043 642 5103 disseram.
663 5062 688 5116 p.
708 5048 743 5103 3³
761 5050 793 5100 et
815 5062 891 5116 sequ.
