4742 5600
1026 383 1214 447 „g-

493 595 585 641 vers.
612 591 705 661 1159.
749 569 879 656 άπειμι·
901 573 954 637 καὶ
975 571 1035 658 γὰρ
1056 569 1192 655 αἰσχράν,
1215 568 1243 636 εἰ
1264 571 1408 634 πύθοιτό
1429 594 1488 648 τις,

750 680 856 764 λόγοις
876 677 1015 758 κολάζειν
1037 672 1064 762 ᾧ
1083 675 1250 761 βιάζεσθαι
1272 684 1368 763 παρῆ.

350 803 416 873 Cui
439 802 580 872 Teucer
604 800 812 890 respondet:

495 947 587 993 vers.
614 924 706 991 1161.
751 918 878 1010 άφερπέ
899 942 969 986 νυν·
992 918 1088 1003 κάμοὶ
1109 920 1170 1007 γάρ
1193 919 1353 1002 αἴσχιστον
1373 921 1477 987 κλάειν

747 1026 859 1113 ἀνδρὸς
879 1031 1014 1110 ματαίου
1036 1026 1153 1115 οἱοὶ-ρ’
1175 1024 1238 1115 ἔπι]
1259 1031 1477 1110 μισθουμένου.

350 1148 452 1234 Quae
476 1148 607 1218 dixisse
631 1149 714 1218 mihi
737 1149 886 1233 videtur,
910 1161 948 1217 ut
971 1148 1078 1217 finem
1102 1170 1310 1217 sermonum
1335 1148 1552 1216 alternorum
1576 1147 1742 1216 efficeret.

348 1250 521 1337 Quicum
549 1252 683 1320 abisset
710 1251 852 1321 Teucer
879 1251 1111 1321 Tecmessam
1141 1276 1221 1321 curn
1253 1251 1436 1340 Eurysace
1466 1251 1502 1320 in
1536 1274 1703 1320 scaenam
1733 1250 1927 1321 rediturum
1953 1272 2050 1341 prae-

193 1353 329 1423 nuntiat
352 1354 406 1422 his
430 1355 563 1424 verbis:

496 1499 588 1545 vers.
615 1480 707 1546 1168.
752 1480 805 1544 καὶ
827 1478 889 1566 μὴν
910 1475 943 1557 ἐς
964 1476 1061 1542 αὐτὸν
1081 1477 1191 1563 καιρὸν
1212 1476 1280 1543 ol'ds
1301 1477 1468 1565 πλησίοι

747 1585 936 1672 πάρεισιν
957 1582 1068 1670 ἀνδρὸς
1087 1584 1180 1649 τοῦδε
1201 1595 1299 1662 παῖς
1318 1607 1354 1649 τε
1374 1585 1427 1649 καὶ
1448 1585 1559 1671 γυνή,

745 1692 875 1779 τάφον
896 1692 1208 1776 περιστελοῦντε
1230 1690 1379 1777 δυστήνου
1396 1697 1513 1775 νεκροῦ.

747 1790 865 1879 ὦπαῖ,
888 1798 1096 1882 πρόσελθε
1116 1798 1216 1883 δεῦρο,
1239 1796 1292 1862 καὶ
1309 1796 1441 1873 σταθεὶς
1463 1795 1563 1872 πάλος

751 1901 854 1992 ἱκέτης
875 1901 998 1992 {pudet
1018 1901 1147 1991 πατρὸς,
1171 1898 1206 1981 ὃς
1227 1901 1261 1967 σ’
1282 1898 1431 1987 ἐγείνατο.

348 2019 534 2091 Intercedit
561 2023 655 2093 enim
678 2026 747 2094 hoc
770 2026 851 2094 loco
881 2025 939 2093 illa
965 2046 1083 2107 eausa,
1113 2037 1151 2093 ut
1180 2037 1340 2092 actorum
1371 2034 1505 2111 parteS,
1536 2021 1682 2110 quibus,
1713 2044 1793 2090 cum
1822 2024 1857 2090 in
1884 2044 2050 2091 scaenam

194 2121 404 2294 progierint,
428 2125 512 2194 nihil
536 2126 725 2197 dicendum
748 2128 809 2213 sit,
833 2127 1092 2216 significentur,
1127 2150 1172 2196 ne
1202 2139 1423 2217 spectatores
1457 2128 1503 2194 de
1536 2126 1604 2195 illis
1633 2126 1798 2215 personis
1828 2126 1862 2196 in
1892 2150 2051 2197 errorem

194 2247 259 2293 incr
288 2239 357 2296 ant.

347 2330 487 2401 Deinde
515 2331 657 2401 Teucer
679 2333 755 2423 ipse
782 2332 1006 2423 praenuntiat
1038 2355 1077 2401 se
1112 2332 1355 2401 discessurum
1385 2355 1484 2418 esse,
1508 2345 1546 2401 ut
1570 2334 1773 2422 sepulcrum
1796 2334 1917 2403 Aiacis
1940 2350 2050 2425 paret.

194 2432 302 2519 Quod
325 2457 407 2503 eum
431 2435 557 2506 secisse
580 2436 664 2506 mibi
687 2459 897 2526 persuasum
927 2448 998 2520 est,
1022 2448 1061 2504 ut
1090 2458 1217 2505 omnes
1247 2435 1387 2517 scirent,
1416 2458 1508 2524 quae
1537 2436 1695 2505 facturus
1723 2450 1829 2506 esset.

349 2538 436 2608 Post
458 2562 602 2609 versum
628 2563 712 2609 1222
734 2541 917 2609 recitatum
933 2539 1075 2609 Teucer
1097 2562 1171 2608 non
1196 2539 1463 2627 praenuntiatus
1486 2540 1522 2608 in
1543 2562 1709 2610 scaenam
1727 2541 1826 2626 redit,
1845 2565 1926 2611 cum
1943 2565 2050 2611 nemo

194 2641 344 2730 ignoret,
367 2645 462 2713 unde
479 2645 607 2715 veniat.
641 2646 713 2732 Qui
731 2645 943 2734 simulatque
961 2643 1114 2728 advenit,
1133 2644 1445 2732 Agamemnonem
1468 2643 1811 2733 appropinquantem
1828 2646 2052 2735 praenuntiat

194 2745 248 2815 hls
270 2749 404 2817 verbm·
493 2858 585 2904 vers.
612 2857 704 2925 1²²3·
749 2838 802 2903 καὶ
822 2836 884 2924 μὴν
905 2834 981 2901 ἰδών
1003 2833 1140 2902 ἔσπευσα
1161 2835 1217 2901 τὸν
1236 2835 1451 2923 στριιτηὶάΰῖγ

748 2941 949 3028 Ἀγαμέμνον’
969 2938 1045 3030 ἡμῖν
1066 2943 1180 3029 δεῦρο
1209 2940 1317 3007 τάνδ’
1346 2937 1592 3026 ὁρμώμενον·

751 3049 842 3134 δῆλος
863 3049 899 3114 δέ
918 3047 1032 3131 μοι’-στὶ
1053 3047 1161 3113 ωιαιὺν
1182 3044 1320 3113 tettan
1341 3049 1454 3130 στόμα.

349 3184 457 3271 Quod
488 3199 594 3274 poeta
623 3186 671 3255 ita
699 3186 892 3256 instituisse
922 3186 1005 3260 mihi
1039 3186 1195 3268 videtur,
1225 3199 1265 3255 ut
1299 3185 1430 3255 Teucri
1464 3183 1598 3252 reditus
1631 3197 1737 3272 atque
1768 3185 2050 3273 Agamemnonis

195 3289 370 3358 adventus
394 3289 484 3358 inter
507 3312 546 3359 se
570 3302 803 3359 necterentur.
849 3290 1017 3379 Denique
1037 3289 1161 3361 Ulixes
1184 3290 1220 3359 in
1241 3311 1407 3358 scaenam
1431 3286 1592 3376 procedit
1614 3309 1731 3374 neque
1754 3309 1775 3354 a
1798 3288 1910 3356 choro
1933 3310 2050 3377 neque

194 3394 239 3461 ab
262 3392 442 3461 actoribus
465 3391 741 3482 praenuntiatus.
787 3393 895 3479 Quod
922 3393 1053 3461 sactum
1086 3416 1167 3462 esse
1197 3392 1362 3481 equidem
1392 3391 1538 3480 opinor,
1573 3390 1656 3479 quia
1685 3389 1824 3460 Ulixem
1858 3391 1926 3460 iam
1961 3392 2051 3460 inter

193 3509 374 3585 postrema
396 3495 525 3565 Teucri
549 3498 659 3565 verba
686 3517 851 3564 scaenam
882 3495 1010 3564 adiisse
1044 3495 1125 3564 mihi
1155 3516 1367 3584 persuasum
1397 3508 1461 3563 est.
1510 3494 1653 3565 Chorus
1680 3496 1800 3585 igitur,
1830 3495 1961 3586 quippe
1990 3496 2050 3586 qui

194 3621 275 3667 eum
299 3598 545 3688 praenuntiare
569 3622 642 3667 non
665 3598 789 3688 possit,
814 3598 1030 3688 alloquendo
1055 3598 1231 3688 significat
1254 3596 1308 3666 his
1331 3597 1466 3666 verbis:

494 3744 586 3790 verS.
614 3742 706 3810 1314.
751 3718 829 3803 άναξ
849 3719 1004 3803 Ὀδυσσεῦ,
1027 3721 1136 3808 καιρὸν
1157 3719 1229 3785 l'm‘l'
1250 3717 1425 3807 ἐληλυθώς,

751 3825 779 3892 εἰ
800 3827 844 3915 μὴ
866 3830 1025 3914 ξυνάψων,
1050 3826 1130 3891 ἀλλὰ
1153 3828 1312 3891 συλλάσων
1334 3830 1440 3911 πάρει.

348 3948 600 4035 Agamemnon
633 3970 741 4016 versu
778 3967 861 4037 1373
895 3948 1041 4017 recitato
1070 3970 1090 4016 e
1117 3969 1249 4016 scaena
1277 3946 1474 4035 egreditur,
1509 3946 1574 4014 etsi
1610 3969 1684 4015 non
1718 3946 1977 4036 praenuntiavit
2009 3969 2049 4015 se

194 4049 369 4118 abiturum
400 4073 490 4119 esse.
542 4049 667 4139 Neque
697 4050 807 4134 enim,
838 4072 929 4139 quae
958 4050 1115 4119 [acturus
1150 4050 1211 4133 sit,
1246 4050 1419 4138 cognosci
1450 4072 1600 4119 necesse
1635 4062 1703 4135 est,
1737 4072 1817 4118 cum
1852 4050 1897 4118 ad
1931 4073 2048 4119 rerum

194 4175 370 4222 conexum
395 4178 468 4222 non
490 4154 696 4244 pertineant.
742 4153 942 4223 Excusatur
970 4165 1104 4238 autem,
1135 4153 1233 4242 quod
1262 4153 1350 4238 abit,
1381 4153 1512 4242 quippe
1545 4153 1606 4242 qui
1635 4153 1728 4223 Ulixi
1759 4153 1973 4243 permiserit,
2001 4167 2048 4239 ut,

195 4256 292 4345 quod
315 4257 430 4342 vellet,
453 4258 593 4326 faceret.
639 4257 762 4328 Ulixes
783 4257 936 4346 denique
959 4256 1035 4346 ipse
1059 4256 1285 4344 praenuntiat
1306 4279 1347 4326 se
1370 4257 1548 4326 abiturum
1571 4256 1626 4326 his
1648 4257 1782 4326 verbis:

494 4400 586 4446 vers.
613 4400 705 4467 1400.
751 4377 820 4444 ἀλλ’
842 4375 960 4468 ἤθελον
980 4382 1055 4461 μέν·
1079 4376 1108 4443 εἰ
1130 4379 1165 4444 δὲ
1185 4375 1230 4466 μή
1250 4375 1317 4445 ἐστι
1338 4381 1387 4445 σοὶ
1408 4381 1503 4468 φάλον

751 4488 902 4574 πράσσειν
922 4484 992 4551 τάὸ)
1014 4480 1103 4572 ἡμᾶς,
1128 4480 1203 4569 εἶμ’,
1227 4483 1394 4565 ἐπαινέσας
1414 4486 1452 4551 τὸ
1474 4490 1540 4554 σόν.

351 4606 444 4676 Ulixi
467 4606 501 4674 id
525 4606 714 4676 dicendum
736 4619 821 4691 erat,
845 4629 925 4675 eum
949 4606 1090 4675 Teucer
1109 4606 1277 4676 auxilium
1301 4606 1528 4675 inimicissimi
1551 4607 1672 4676 Aiacis
1695 4606 1927 4697 repudiasset.

349 4725 488 4815 Quibus
524 4729 633 4796 rebus
667 4725 886 4816 pertractatis
921 4727 1188 4795 demonstrasse
1224 4726 1307 4796 mibi
1347 4726 1474 4796 videor
1514 4739 1657 4816 poetam
1691 4727 1726 4795 in
1760 4723 2048 4817 praenuntiandis

194 4831 358 4919 personis
387 4854 470 4901 non
499 4843 643 4900 certas
670 4830 842 4919 quasdam
872 4830 1000 4919 leges
1029 4843 1191 4898 secutum
1221 4853 1320 4915 esse,
1350 4830 1415 4898 sed
1444 4830 1626 4899 nonnullis
1654 4830 1866 4920 quibusdam
1898 4826 2048 4897 causis

182 4934 413 5003 ,interdum
445 4934 635 5004 adductum
663 4956 759 5017 esse,
787 4950 825 5006 ut
856 4946 995 5003 actores
1025 4945 1085 5001 aut
1114 4934 1263 5002 chorum
1287 4933 1478 5003 histriones
1505 4934 1541 5002 in
1563 4956 1729 5003 scaenam
1759 4932 1965 5001 introituros
1989 4942 2050 5000 aut

195 5061 239 5106 ex
262 5060 305 5107 ea
327 5060 538 5126 egressuros
562 5037 850 5128 praenuntiantes
877 5037 1071 5106 induceret.
1117 5037 1229 5106 Poeta
1252 5038 1361 5124 enim,
1390 5050 1562 5126 quantum
1585 5037 1662 5106 fieri
1685 5036 1814 5127 potuit,
1843 5035 1879 5104 id
1908 5037 2048 5125 agebat,
