4742 5600
1081 347 1280 408 -9-

252 544 293 599 ut
321 543 357 599 et
386 552 562 619 personas
593 528 855 599 accuratissime
886 528 1102 616 significaret
1136 532 1442 621 spectantiumque
1471 533 1609 602 animos
1639 536 1682 603 ad
1715 559 1776 603 eas
1806 552 2044 623 converteret,
2072 552 2108 608 et

250 636 424 704 rationem
449 634 704 703 sententiarum
728 644 763 702 et
778 656 955 703 conexum
975 633 1065 702 inter
1080 634 1240 722 singulas
1257 636 1415 705 actiones
1436 638 1598 706 sollerter
1613 653 1718 727 atque
1734 642 1926 729 prudenter
1942 643 2105 712 efficeret.

252 740 338 826 Quo
362 739 587 843 factumest,
610 750 649 807 ut
677 751 785 827 poeta
814 750 954 806 actores
984 738 1060 806 sive
1090 742 1237 808 chorum
1269 754 1329 809 aut
1360 743 1663 830 praenuntiantes,
1693 757 1752 812 aut
1781 746 2018 834 alloquenteS,
2047 761 2107 816 aut

255 842 500 911 describentes
524 865 603 911 eos
627 854 806 910 actores
829 842 970 926 laceret,
994 842 1053 931 qui
1077 843 1112 911 in
1132 866 1298 912 scaenam
1323 846 1620 933 procedebant
1643 858 1703 914 aut
1725 850 1973 936 processuri
1996 866 2105 938 erant,

251 958 287 1013 et
311 968 404 1035 quae
435 968 580 1014 manca
608 969 653 1013 re
682 946 886 1014 scaenica
916 948 1101 1015 obscura
1130 948 1351 1030 videbantur,
1376 948 1460 1037 ipsis
1484 949 1581 1016 chori
1606 964 1836 1040 actorumque
1858 954 1977 1023 verbis
2000 968 2105 1045 atque

251 1048 452 1119 actionibus
476 1050 639 1118 sollerter
662 1050 809 1119 conexis
832 1050 949 1118 clara
971 1063 1077 1138 atque
1101 1051 1293 1120 dilucida
1315 1054 1488 1121 redderet.

1147 1870 1212 1977 ll.

316 2118 375 2210 lle
407 2113 704 2208 distributione
739 2138 1015 2231 personarum
1049 2114 1162 2208 inter
1193 2115 1423 2210 histriones
1455 2117 1494 2208 in
1525 2119 1760 2234 traqoediis
1791 2120 2047 2236 Sophocleis.

406 2390 461 2458 De
485 2389 644 2459 virorum
668 2388 956 2457 doctissimorum
980 2387 1173 2471 sententiis,
1190 2387 1250 2475 qui
1271 2387 1306 2456 in
1323 2388 1526 2457 universum
1548 2390 1592 2458 de
1608 2389 1852 2460 distributione
1869 2415 2101 2482 personarum

252 2494 288 2563 in
312 2493 505 2583 tragoediis
524 2493 673 2562 Graecis
697 2505 856 2580 egerunt,
874 2491 1083 2560 brevissime
1107 2491 1175 2559 iam
1200 2491 1235 2559 in
1251 2491 1498 2560 dissertatione
1518 2515 1596 2561 mea
1616 2515 1648 2582 p.
1667 2517 1720 2583 44.
1743 2506 1778 2562 et
1793 2518 1891 2584 sequ.
1916 2496 2101 2586 disputavi,

250 2611 406 2667 attamen
430 2619 562 2686 operae
586 2597 736 2685 pretium
761 2618 842 2664 esse
859 2608 945 2687 puto
955 2586 1007 2663 ¹de
1030 2594 1221 2683 legibuS,
1245 2619 1336 2686 quae
1359 2596 1394 2664 in
1411 2597 1660 2666 distribuendis
1681 2600 1844 2687 personis
1860 2600 2101 2690 respiciendae

247 2703 328 2785 sint,
353 2700 611 2771 accuratius
634 2714 740 2790 atque
764 2701 941 2791 plenius
964 2700 1150 2769 disserere.
1196 2701 1235 2769 ln
1258 2723 1329 2790 qua
1351 2701 1493 2789 quidem
1517 2725 1554 2769 re
1579 2703 1644 2771 bac
1665 2703 1722 2770 via
1740 2716 1845 2792 atque
1862 2706 1996 2775 ratione
2013 2721 2101 2794 utar,

247 2823 286 2877 ut
309 2810 420 2897 leges,
444 2829 533 2896 quas
558 2806 747 2876 Richterus
770 2807 805 2874 in
828 2807 899 2874 fine
922 2806 1028 2876 libelli
1052 2806 1106 2874 sui
1130 2805 1370 2893 composuit,¹)
1393 2827 1598 2874 recenseam
1621 2819 1736 2895 atque,
1760 2808 1843 2897 quid
1867 2812 2100 2899 probandum,

251 2913 337 3001 quid
358 2911 585 2992 reiciendum,
610 2911 693 2999 quid
717 2910 920 2978 addendum
944 2910 998 2994 sit,
1021 2910 1057 2978 in
1081 2909 1235 2978 medium
1258 2910 1446 2998 proferam.

404 3015 632 3084 Hermannus
656 3015 766 3099 enim,
797 3014 856 3103 qui
880 3014 949 3082 iam
979 3012 1134 3082 Richteri
1157 3014 1313 3082 libellum
1348 3013 1572 3099 recensuit,²)
1601 3014 1677 3083 illas
1706 3015 1805 3103 leges
1827 3017 1862 3085 in
1897 3018 2100 3088 universum

248 3119 365 3189 minus
397 3119 625 3202 examinavit,
656 3141 762 3206 quam
793 3118 986 3187 sententias
1016 3139 1117 3202 suaS,
1145 3139 1235 3205 quas
1264 3117 1453 3186 Richterus
1482 3118 1741 3207 repudiaverat,
1773 3120 1935 3188 defendit.
1981 3122 2099 3211 Atque

250 3224 403 3314 primum
428 3222 569 3311 quidem
594 3222 783 3291 Richterus
806 3224 897 3291 hanc
926 3222 1043 3310 legem
1067 3220 1263 3302 constituit,
1287 3233 1326 3288 ut
1352 3234 1458 3309 poeta
1485 3222 1522 3290 in
1543 3222 1669 3291 fabulis
1699 3222 1875 3311 fingendis
1903 3223 1968 3293 nisi
1996 3248 2100 3293 suum

250 3328 431 3416 ingenium
462 3348 535 3394 non
565 3338 709 3394 secutus
738 3349 854 3415 neque
882 3349 994 3415 parvo
1024 3346 1174 3392 numero
1205 3323 1413 3392 histrionum
1445 3326 1489 3392 sit
1515 3327 1699 3395 coercitus.
1751 3327 1860 3396 Cuius
1890 3329 2098 3398 sententiam

252 3432 383 3520 aliquid
407 3429 482 3498 veri
506 3430 637 3497 habere
661 3431 832 3512 conced0,
857 3443 1011 3497 attamen
1040 3427 1138 3496 nullo
1162 3439 1266 3516 pacto
1297 3450 1445 3517 prorsus
1469 3430 1589 3517 negari
1620 3445 1737 3521 potest
1759 3443 1901 3520 poetam
1925 3432 2099 3502 interdum

250 3559 362 3625 parvo
393 3535 603 3603 histrionum
633 3556 782 3602 numero
809 3533 844 3600 in
873 3534 1000 3602 fabulis
1037 3530 1214 3618 fingendis
1238 3531 1473 3599 coercitum
1502 3555 1592 3601 esse.
1645 3535 1760 3621 Quem
1784 3535 1813 3603 si
1846 3536 2006 3604 omnino
2026 3560 2099 3605 non

249 3638 482 3728 respexisset,
506 3650 687 3706 sanctam
711 3636 898 3725 diligenter
926 3658 999 3703 non
1027 3633 1196 3717 cavisset,
1224 3656 1269 3700 ne
1300 3634 1451 3723 plures
1481 3660 1586 3725 quam
1617 3651 1705 3706 tres
1735 3638 1924 3707 histriones
1954 3662 2037 3707 una
2063 3640 2099 3708 in

247 3765 379 3812 scaena
402 3743 590 3830 loquentes
614 3742 812 3825 induceret,
836 3763 952 3828 neque
976 3753 1046 3807 tam
1077 3738 1240 3806 sollerter
1270 3740 1529 3830 prospexisset,
1546 3752 1591 3810 ¹ut
1614 3755 1753 3811 actores
1776 3767 1796 3810 e
1819 3766 1948 3811 scaena
1977 3745 2098 3831 egredi

246 3847 406 3934 aliasque
429 3859 548 3935 partes
571 3846 753 3935 suscipere
776 3859 934 3935 possent.
980 3844 1142 3931 Namque
1171 3855 1210 3910 ut
1232 3844 1432 3933 exemplum
1456 3846 1611 3929 afferam,
1634 3846 1835 3936 Sophocles
1857 3846 2097 3933 Tecmessam,

250 3964 442 4042 postquam
466 3973 545 4018 cum
570 3950 753 4038 Eurysace
776 3949 811 4018 in
834 3972 1000 4018 scaenam
1027 3947 1130 4016 rediit
1157 3947 1272 4030 (Aiax.
1300 3971 1392 4015 vers.
1424 3950 1519 4032 1168)
1548 3971 1633 4017 sane
1660 3950 1863 4037 loquentem
1893 3950 2097 4036 induxisset,

253 4054 320 4122 nisi
345 4066 453 4136 actor,
478 4053 537 4141 qui
561 4067 664 4121 antea
687 4054 763 4122 eius
786 4068 905 4142 partes
928 4065 1059 4141 egerat,
1084 4050 1169 4118 alias
1193 4064 1312 4139 partes
1335 4051 1454 4119 subire
1474 4065 1618 4120 coactus
1640 4065 1744 4121 esset.
1789 4052 1984 4120 Tecmessa
2005 4053 2096 4121 enim

251 4156 333 4225 inde
364 4180 384 4224 a
413 4179 522 4223 versu
554 4158 639 4224 1168
667 4156 814 4238 homini,
845 4157 904 4245 qui
933 4170 1082 4225 vocatur
1111 4160 1307 4244 „rrpo‘oorrov
1328 4160 1458 4246 κωφόν(
1486 4156 1671 4226 tribuenda
1700 4169 1769 4241 est,
1793 4157 1828 4224 id
1852 4158 1948 4246 quod
1972 4170 2098 4245 postea

251 4262 517 4328 demonstrabo.
563 4259 721 4348 Itemque
737 4261 1046 4348 Agamemnonem
1064 4274 1099 4329 et
1112 4262 1314 4330 Menelaum
1338 4285 1409 4330 una
1431 4263 1466 4329 in
1489 4284 1619 4330 scaena
1641 4261 1828 4350 loquentes
1851 4262 2007 4344 lecisset,
2031 4261 2097 4329 nisi

249 4364 381 4451 exiguo
406 4364 615 4433 histrionum
640 4389 789 4434 numero
806 4366 981 4434 coercitus
997 4379 1102 4434 esset.
1148 4367 1377 4455 Quapropter
1397 4368 1560 4454 equidem
1577 4368 1667 4434 hanc
1683 4366 1797 4453 legem
1815 4365 2096 4433 constituendam

244 4490 328 4536 esse
351 4490 494 4550 cense0,
517 4480 556 4535 ut
579 4483 695 4557 poeta,
719 4481 890 4557 quantum
914 4468 989 4537 fieri
1013 4469 1136 4558 potuit,
1159 4469 1339 4557 ingenium
1364 4492 1467 4537 suum
1484 4469 1528 4536 sit
1550 4481 1710 4549 secutus;
1736 4481 1888 4537 attamen
1909 4469 1940 4536 ei
1957 4491 2098 4557 semper

182 4599 184 4603 ·
246 4571 374 4662 parvi
399 4571 608 4641 histrionum
633 4572 799 4641 numeri
823 4573 995 4641 rationem
1023 4574 1223 4643 habendam
1246 4573 1354 4641 fuisse
1379 4573 1520 4662 opinor,
1544 4597 1616 4661 quo
1640 4575 1733 4642 haud
1758 4596 1838 4641 raro
1863 4585 2095 4641 coerceretur.

403 4674 542 4743 Deinde
559 4675 747 4744 Richterus
764 4676 855 4744 banc
870 4675 986 4764 legem
1001 4676 1199 4765 proposuit,
1211 4688 1250 4744 ut
1259 4688 1375 4766 poeta,
1389 4690 1577 4764 antequam
1593 4677 1711 4745 fabula
1731 4689 1905 4764 ageretur,
1922 4698 2096 4765 personas

241 4778 334 4848 inter
365 4779 556 4848 histriones
588 4779 829 4865 distribueret,
860 4792 934 4848 tum
964 4792 1003 4848 ut
1031 4779 1146 4868 poetis
1173 4779 1264 4848 terni
1291 4779 1480 4848 histriones
1510 4781 1554 4848 ad
1584 4781 1720 4849 fabulas
1750 4781 1924 4868 agendaS,
1954 4780 2096 4865 chorus,

398 4954 417 5014 ‘J
433 4952 461 5008 J.
479 4952 604 5006 Richter.
628 4952 683 5006 Die
695 4951 867 5022 Verteiluug
879 4951 928 5005 der
939 4950 1042 5006 Rolleu
1053 4954 1135 5005 unter
1148 4951 1194 5004 die
1207 4950 1404 5023 Scheuspieler
1416 4954 1447 5005 iu
1467 4951 1516 5007 der
1527 4953 1721 5024 griechischen
1733 4951 1881 5021 Trogbdie.
1910 4952 2007 5006 Berlin
2022 4951 2097 5008 1842.

373 5060 374 5064 ¹
397 5040 423 5108 ²)
441 5038 617 5093 Jahrbiicher
634 5039 677 5092 fiir
694 5038 962 5093 wissenschoitliche
980 5038 1084 5098 Krittk„
1119 5039 1227 5104 Berlin,
1244 5035 1321 5098 1843.
1358 5055 1384 5109 p.
1402 5043 1548 5098 est-435.
