4742 5600
1101 370 1294 434 -5-

413 556 581 635 ¹Minerva
610 568 728 625 autem
758 568 793 624 et
818 555 939 625 Ulixes
969 577 1009 623 se
1038 553 1198 623 abituros
1225 577 1307 624 esse
1337 577 1412 623 non
1441 556 1705 645 praenuntiant,
1736 579 1816 624 cum
1848 556 1935 624 nihil
1965 556 2025 641 sit,
2056 579 2129 643 cur,

267 682 359 748 quae
375 659 498 727 facturi
514 659 593 744 sint,
609 681 883 748 cognoscamus.
921 657 1002 726 Huc
1018 658 1163 743 accedit,
1180 660 1278 747 quod
1294 659 1542 730 adhortatione
1557 662 1646 730 deae
1662 661 1827 750 dialogus
1845 661 1983 750 optime
1999 662 2128 731 finitur.

421 779 538 848 Versu
560 804 635 849 200.
680 778 751 864 ἐμοὶ
772 778 803 845 d'
823 777 919 866 ἄλγος
939 778 1066 845 taram
1088 801 1109 847 a
1131 780 1243 847 choro
1267 779 1413 848 recitato
1436 779 1632 850 Tecmessa
1655 805 1699 849 ex
1722 780 1879 850 tentorio
1904 781 1940 849 in
1963 803 2128 850 scaenam

268 883 394 973 prodit.
446 883 563 970 Quam
593 908 673 954 cum
703 908 776 954 non
805 885 939 970 videat,
970 884 1176 974 priusquam
1206 905 1372 952 scaenam
1401 883 1515 974 ipsam
1546 885 1684 970 adierit,
1713 886 1844 954 chorus
1874 886 2125 974 praenuntiare

267 1014 341 1060 non
370 1002 497 1081 potest.
543 988 678 1059 Idcirco
707 1002 815 1083 poeta
845 989 994 1079 chprum
1024 986 1243 1055 Tecmessae
1273 1010 1405 1056 nomen
1436 989 1853 1079 appellantemlinducit:

641 1133 734 1179 vers,
756 1114 831 1181 208.
876 1115 909 1176 τί
930 1109 960 1175 d'
982 1108 1165 1198 λνὴλλακται
1186 1118 1241 1196 τῆς
1263 1109 1415 1198 εὐμοιρίας

872 1217 927 1299 νὺξ
946 1212 1000 1305 ἥδε
1021 1219 1134 1303 dicut

871 1334 947 1387 παῖ
973 1331 1044 1388 τοῦ
1071 1326 1264 1409 Φρονίοιο
1297 1322 1585 1404 Τελεύιαντος,

871 1427 946 1515 λέγ’,
970 1426 1041 1493 ἐπεὶ
1064 1429 1097 1493 σὲ
1119 1430 1209 1509 λέχος
1232 1429 1446 1516 δονριάλιοτον

872 1538 1000 1620 στέρξας
1022 1533 1124 1615 ἀνέχοι
1145 1536 1279 1618 θούριος
1301 1531 1400 1612 Αἴας·

873 1636 948 1704 ὥστ’
971 1638 1027 1704 οἰκ
1048 1636 1087 1703 ἂν
1107 1636 1210 1726 ἄιδρις
1228 1636 1389 1720 ὑπείποις.

424 1767 645 1855 Simulatque
674 1764 886 1845 Tecmessa,
917 1783 1009 1850 quae
1039 1760 1169 1829 coniux
1203 1761 1362 1847 fecisset,
1392 1763 1582 1848 enarravit,
1617 1764 1674 1834 ille
1709 1765 1744 1834 in
1778 1766 1931 1835 tentorio
1965 1777 2129 1834 versatus

269 1871 502 1962 spectantium
526 1870 664 1938 animos
688 1869 786 1937 inse
810 1863 995 1948 convertit,
1020 1886 1100 1931 cum
1124 1865 1315 1942 exclamat:

643 1996 735 2042 vers.
759 1991 833 2061 333.
880 1969 920 2034 lul
940 1973 997 2053 μοι
1018 1992 1085 2052 μοι.

644 2103 736 2149 vers.
760 2082 834 2167 336.
879 2075 920 2141 lu
941 2081 997 2159 μοί
1018 2100 1085 2159 μοι.

644 2211 737 2256 verS.
761 2205 835 2274 339.
880 2181 920 2247 lb
942 2194 1005 2247 παῖ
1027 2191 1099 2247 παῖ.

644 2316 737 2364 vers.
760 2311 834 2381 342.
884 2296 1053 2372 Τεῦκρον
1075 2287 1197 2352 καλῶ·
1219 2293 1284 2351 ποῦ
1309 2293 1456 2370 Τεῦκροςς
1478 2279 1497 2373 ἦ
1516 2285 1572 2352 τὸν
1593 2286 1638 2366 εἰς
1658 2288 1708 2355 del

874 2394 1054 2481 λιηλατήσει
1073 2394 1202 2478 χρόνον,·
1223 2389 1288 2477 ἐγὼ
1310 2389 1340 2455 d’
1361 2388 1555 2475 ἀπόλλυμαι.

426 2530 566 2618 Quibus
589 2523 690 2593 dictis
714 2521 846 2589 chorus
872 2516 1064 2584 exclamat:

429 2631 431 2634 ‚
644 2666 737 2713 vers.
760 2662 835 2730 344.
880 2633 956 2725 ἁνὴρ
979 2647 1107 2725 φρονεῖν
1129 2633 1238 2700 ἔοικεν.
1283 2632 1353 2698 ἀλλ’
1375 2632 1578 2719 ἀνολγετε·

873 2742 942 2826 τάχ’
963 2739 1002 2808 ἄν
1023 2740 1083 2808 τιν’
1106 2739 1185 2806 αἰδῶ
1206 2739 1284 2807 κάπ’
1307 2738 1377 2824 ἐμοὶ
1398 2741 1521 2826 βλέψας
1542 2743 1642 2826 λάβοι.

425 2876 545 2963 Atque
567 2872 763 2941 Tecmessa
787 2867 889 2936 dicit:

642 3015 736 3060 vers.
759 2992 833 3080 346.
878 2986 957 3068 ἰδού,
980 2988 1136 3072 ὁιοίγιο·
1160 2986 1373 3073 προσβλέπειν
1394 2983 1424 3048 d'
1447 2981 1546 3065 ἔξεστί
1568 3005 1618 3051 σοι

875 3094 915 3159 τὰ
936 3094 1028 3159 τοῦδε
1049 3095 1165 3180 πράγρ,
1189 3091 1302 3170 καύτὸς
1323 3086 1366 3169 ὡς
1387 3088 1467 3173 ἔχων
1489 3103 1586 3175 κυρεῖ.

392 3297 395 3306 Α
426 3221 518 3288 Aiax
541 3219 646 3308 igitur
668 3217 745 3307 ipse
767 3216 834 3284 illis
858 3213 1184 3297 exclamationibus,
1211 3213 1418 3302 priusquam
1441 3214 1689 3304 conspiciatur,
1712 3231 1934 3308 spectatores
1957 3222 2128 3291 certiores

271 3327 367 3413 lacit,
398 3326 457 3395 ubi
487 3337 658 3392 versetur.
712 3321 901 3389 Praeterea
930 3341 975 3385 ex
1005 3316 1104 3385 chori
1134 3328 1170 3385 et
1199 3315 1417 3384 Tecmessae
1452 3318 1571 3386 verbis
1604 3318 1756 3390 dilucide
1791 3333 1887 3411 patet
1919 3324 2065 3393 Aiacem
2096 3325 2133 3394 in

270 3431 423 3503 tentorio
451 3442 652 3498 versantem
682 3436 914 3513 conspectum
943 3421 993 3489 iri.
1039 3420 1149 3507 Quod
1168 3442 1232 3487 cur
1254 3432 1361 3509 poeta
1375 3419 1506 3505 lecerit,
1522 3421 1623 3490 facile
1645 3423 1800 3514 intellegi
1818 3439 1946 3515 potest.
1992 3427 2131 3498 Etenim

272 3536 370 3604 nullo
394 3546 498 3623 pacto
527 3530 602 3600 fieri
633 3528 762 3619 potuit,
793 3539 832 3595 ut
862 3537 966 3614 porta
995 3523 1136 3591 tentorii
1164 3524 1242 3591 sine
1273 3524 1344 3592 ulla
1372 3546 1480 3593 causa
1510 3526 1713 3614 aperiretur.
1766 3528 1995 3620 Quapropter
2025 3545 2132 3621 poeta

273 3639 447 3708 actionem
471 3637 518 3704 ita
540 3632 719 3717 instruxit,
744 3642 782 3698 ut
812 3626 1132 3696 exclamationibus
1152 3625 1273 3695 Aiacis
1302 3638 1337 3693 et
1366 3626 1485 3695 verbis
1513 3627 1613 3695 chori
1642 3641 1748 3717 atque
1778 3631 1996 3702 Tecmessae
2026 3635 2131 3725 signi·

271 3742 403 3827 ficaret,
427 3763 518 3829 quae
542 3748 786 3826 sequerentur.
832 3731 904 3800 Iam
928 3730 1035 3819 igitur
1057 3732 1146 3799 haec
1168 3728 1387 3798 Tecmessae
1410 3732 1522 3799 verba
1543 3734 1792 3820 pertractanda
1814 3749 1915 3804 sunt:

647 3880 740 3926 vers.
763 3876 836 3946 541.
882 3848 1001 3934 ὦπαῖ,
1024 3853 1130 3940 πατὴρ
1151 3854 1267 3918 καλεῖ
1287 3874 1344 3918 σε·
1367 3853 1457 3938 δεῦρο
1480 3855 1673 3940 προσπόλων

873 3957 932 4046 ὅγ’
952 3959 1074 4025 αὐτὸν
1096 3955 1195 4046 ὅσπερ
1214 3960 1319 4046 χερσὶν
1339 3958 1483 4024 εὐθύνων
1504 3971 1618 4046 κυρεῖς.

426 4085 566 4155 Deinde
589 4085 681 4154 Aiax
705 4084 917 4172 interrogat:

647 4230 740 4276 vers.
763 4226 837 4297 543.
883 4203 1013 4292 ἕρποντι
1035 4215 1154 4292 φωνεῖς
1174 4199 1195 4290 ἢ
1216 4204 1409 4288 λελειμμένος)
1431 4203 1552 4288 adytum

428 4329 483 4400 Ac
506 4329 656 4419 primum
680 4327 941 4419 respiciendum
965 4339 1020 4394 est
1044 4325 1264 4414 Eurysacem
1293 4346 1314 4392 a
1336 4323 1533 4393 Tecmessa
1561 4322 1681 4392 vocari
1709 4334 1897 4411 oportere,
1929 4342 2009 4388 cum
2033 4319 2134 4387 aliter

274 4446 355 4523 apte
378 4432 453 4502 fieri
476 4458 550 4503 non
573 4433 737 4524 potuerit,
760 4444 799 4500 ut
821 4431 879 4501 ille
903 4430 939 4498 in
962 4452 1129 4499 scaenam
1150 4428 1419 4519 produceretur.
1465 4425 1590 4514 Neque
1613 4424 1753 4494 difficile
1776 4437 1832 4493 cst
1853 4423 2046 4508 intellectu,
2071 4443 2135 4490 cur

272 4537 468 4607 Tecmessa
490 4540 597 4628 paulo
621 4550 703 4627 post
726 4538 814 4605 haec
838 4537 951 4603 verba
973 4534 1113 4614 lecerit;

644 4680 737 4725 vers
761 4676 835 4746 544.
881 4657 933 4721 καὶ
954 4656 992 4744 δὴ
1012 4656 1131 4738 κομίζει
1154 4654 1349 4742 προσπόλων
1371 4648 1419 4718 bd'
1441 4648 1587 4737 ἐγγύθεν.

381 4794 387 4804 ·
426 4779 519 4847 Aiax
547 4778 650 4864 enim,
673 4800 780 4867 quem
804 4791 887 4868 post
910 4800 1077 4847 scaenam
1099 4776 1265 4846 ductilem
1288 4775 1325 4844 in
1348 4773 1586 4863 eccyclemate
1608 4769 1743 4839 versari
1766 4768 1802 4837 in
1832 4766 2136 4837 commentatione

273 4906 353 4952 mea
375 4881 617 4951 demonstravi
627 4884 661 4969 ¹),
684 4881 794 4951 filium
818 4881 1168 4972 appropinquantem
1192 4880 1316 4949 videre
1344 4902 1418 4948 non
1441 4877 1574 4967 potuit;
1597 4898 1708 4965 quare
1734 4897 1779 4942 ex
1804 4871 2005 4941 Tecmessa
2033 4892 2138 4958 quae-

274 5007 585 5018 —————-

430 5057 453 5126 ¹)
471 5059 481 5112 l
509 5056 526 5112 l
546 5073 573 5127 p.
593 5058 628 5115 22
649 5062 677 5111 et
695 5072 772 5127 sequ.
