4742 5600
540 1178 546 1189 ’
676 1224 1228 1507 turnines
1290 1230 1734 1465 scaenicae.

1178 1874 1222 1981 1.

396 2121 455 2214 llo
489 2121 680 2212 actorum
715 2118 754 2210 in
785 2117 917 2211 Aiace
949 2116 1180 2233 Sophocleo
1218 2116 1333 2209 aditu
1367 2115 1406 2207 ln
1439 2138 1644 2208 scaenam
1677 2116 1805 2230 atquo
1836 2114 2016 2205 decessu

1018 2270 1382 2388 praenuntiandis.
1402 2394 1404 2398 μ

426 2501 566 2607 Unum
612 2553 657 2599 ex
700 2528 785 2597 viris
822 2527 937 2598 doctis
972 2529 1088 2597 adhuc
1127 2526 1176 2595 illi
1210 2524 1411 2615 quaestioni
1451 2524 1646 2593 solvendae
1687 2545 1832 2614 operam
1867 2544 2019 2590 navasse
2053 2521 2128 2590 scio

271 2635 315 2705 R.
340 2634 658 2720 Kuhlenbeckium,
682 2633 797 2703 virum
820 2633 1103 2719 doctissimum.¹)
1140 2631 1244 2700 Viam
1261 2642 1379 2700 autem
1395 2628 1701 2717 atque-rationem,
1717 2649 1823 2716 quam
1844 2626 1902 2694 ille
1924 2625 1979 2694 vir
2001 2626 2128 2694 doctus

272 2739 458 2830 ingressus
488 2740 550 2826 sit,
587 2760 736 2830 prorsus
772 2735 1044 2827 improbandam
1073 2758 1155 2805 esse
1184 2756 1335 2819 censeo,
1372 2755 1452 2802 curn
1482 2744 1597 2801 certas
1627 2730 1798 2822 quasdam
1828 2730 1970 2820 leges,
2000 2730 2129 2820 quibus

271 2859 401 2934 poetae
430 2846 467 2915 in
496 2844 624 2915 sabulis
640 2841 830 2933 ‚fingendis
860 2841 916 2910 usi
945 2854 1082 2926 essent,
1113 2838 1330 2908 constituere
1359 2836 1542 2905 studuerit.
1594 2835 1825 2904 Existimabat
1854 2834 1947 2903 enim
1979 2847 2129 2920 actores,

270 2961 467 3038 antequam
490 2947 677 3017 introirent
698 2967 875 3031 scaenam,
898 2943 1166 3033 praenuntiatos
1190 2964 1264 3010 non
1287 2963 1369 3009 esse
1392 2938 1458 3008 nisi
1481 2938 1673 3008 liberorum
1692 2952 1811 3028 partes
1834 2944 2023 3027 agerent¹):
2046 2938 2129 3006 item
2176 2994 2179 3001 ,

275 3064 417 3121 actores
440 3050 708 3141 praenuntiatos
731 3071 805 3118 non
828 3070 920 3131 esse,
944 3046 1095 3138 primum
1112 3068 1192 3115 cum
1209 3044 1323 3134 portis
1339 3044 1375 3111 in
1391 3042 1524 3132 pariete
1541 3042 1659 3111 ductili
1676 3041 1863 3111 exstructis
1880 3042 1984 3111 -de
2000 3042 2129 3132 quibus

271 3155 308 3224 in
332 3154 631 3224 commentatione
655 3175 735 3221 mea
760 3153 823 3236 ,de
846 3175 885 3221 re
908 3150 1072 3220 scaenica
1093 3150 1234 3219 fabulae
1256 3147 1500 3237 Sophocleae,
1524 3167 1616 3234 quae
1639 3145 1731 3214 Aiax
1753 3145 1969 3231 inscribitur,
1998 3145 2129 3214 Vratis-

272 3258 387 3328 laviae
413 3260 516 3348 1879“
541 3255 774 3347 composita&
796 3255 865 3323 iam
888 3253 1086 3323 accuratius
1110 3253 1167 3341 egi
1190 3252 1288 3320 -in
1311 3271 1477 3319 scaenam
1494 3248 1676 3338 prodirent
1685 3250 1722 3336 ⁴),
1746 3248 1874 3318 deinde
1897 3271 1976 3318 cum
2000 3271 2130 3338 magna

274 3361 495 3451 perturbatio
519 3359 721 3443 exsisteret,
745 3371 806 3426 aut
827 3380 885 3426 res
914 3356 1074 3425 celeriter
1097 3356 1260 3445 agendae
1288 3365 1410 3423 essent
1419 3353 1463 3439 ⁵),
1493 3365 1567 3421 tum
1597 3376 1677 3422 cum
1707 3375 1883 3443 personae
1912 3375 1957 3422 ex
1986 3352 2129 3422 latebris

280 3466 518 3555 procederent
526 3465 562 3550 ⁶),
585 3462 739 3552 denique
762 3461 792 3530 si
815 3474 954 3531 actores
985 3461 1029 3528 ab
1053 3459 1234 3528 actoribus
1256 3470 1318 3527 aut
1339 3480 1361 3526 a
1389 3458 1501 3526 choro
1531 3458 1647 3526 vocati
1676 3458 1712 3527 in
1742 3480 1907 3526 scaenam
1937 3458 2129 3547 prodirent,

280 3592 347 3639 eos
370 3566 608 3660 praenuntiari
630 3589 704 3635 non
728 3565 975 3655 oportuisset)

433 3673 534 3759 Quas
557 3671 657 3759 leges
680 3669 711 3737 si
734 3668 814 3758 quis
836 3666 1105 3751 examinaverit,
1128 3665 1310 3755 intelleget
1333 3665 1640 3736 Kuhlenbeckium
1670 3665 1767 3734 nulla
1794 3665 1931 3734 ratione
1961 3688 2001 3734 ac
2030 3665 2129 3734 disci·

277 3774 375 3865 plina
404 3774 559 3844 adhibita
587 3794 712 3863 parum
743 3783 906 3840 accurate
935 3769 971 3838 in
1000 3791 1078 3838 eam
1108 3791 1183 3836 rem
1212 3768 1456 3859 inquisivisse,
1492 3769 1622 3859 quippe
1652 3769 1712 3857 qui
1740 3792 1813 3838 non
1843 3768 1928 3837 satis
1957 3769 2129 3838 rationem

279 3877 535 3970 sententiarum
559 3889 665 3966 atque
687 3875 884 3944 fabularum
908 3871 1178 3961 dispositionem
1202 3873 1434 3962 perspiceret,
1458 3873 1522 3942 sed
1546 3872 1694 3962 singulis
1716 3873 1815 3958 locis,
1839 3872 1967 3963 quibus
1990 3885 2130 3942 actores

279 3994 340 4050 aut
374 3981 713 4070 praenuntiabantur
746 3991 807 4048 aut
835 4001 908 4047 non
937 3975 1171 4066 praenuntiati
1208 3998 1375 4045 scaenam
1411 3976 1571 4062 adibant,
1601 3976 1757 4045 collectis
1786 3976 1822 4045 in
1851 3976 2055 4044 universum
2085 3977 2130 4045 de

279 4084 447 4175 personis
469 4082 759 4173 praenuntiandis
781 4080 948 4150 iudicium
970 4079 1086 4149 ferret.
1130 4078 1260 4148 Mirum
1287 4101 1432 4168 quoque
1454 4079 1604 4164 videtur,
1628 4079 1725 4168 quod
1755 4091 1895 4147 actores
1923 4091 2072 4147 vocatos
2095 4091 2131 4147 et

278 4187 547 4279 praenuntiatos
576 4186 744 4256 secernit:
776 4208 893 4275 neque
923 4184 1017 4254 enim
1047 4183 1163 4253 minus
1193 4183 1359 4251 vocando
1390 4205 1496 4271 quam
1526 4182 1808 4272 praenuntiando
1837 4194 2056 4272 spectatores
2084 4181 2130 4250 de

431 4428 452 4496 ¹)
469 4427 503 4487 R
522 4426 709 4481 Kuhlenbeclr
728 4425 839 4493 ,Ucbor
862 4425 908 4480 die
926 4426 1142 4496 Anln'mdigung
1161 4425 1211 4479 des
1229 4424 1299 4479 Aut·
1324 4425 1382 4479 und
1399 4425 1555 4480 Abtrateus
1575 4423 1624 4478 der
1640 4423 1787 4478 Personen
1810 4425 1842 4478 in
1866 4423 1922 4478 den
1939 4422 2062 4476 Dromon
2080 4421 2130 4476 des

273 4513 458 4586 Sophoktesf
496 4511 658 4567 WeInhelm
677 4514 752 4571 1669.

401 4633 406 4644 ·
427 4600 454 4669 ²)
470 4597 703 4653 Kuhlenbecklns
721 4597 739 4652 l.
757 4597 774 4652 l
793 4614 820 4669 p.
838 4600 865 4656 ὃ.

427 4685 449 4752 ²)
466 4684 485 4744 1.
503 4684 521 4741 t
539 4684 627 4757 ptlo.

427 4772 451 4838 ⁴)
470 4769 702 4825 Knhlenbeclrlnc
720 4789 746 4843 p.
765 4769 790 4826 9.

426 4857 455 4927 ὅ)
472 4857 704 4912 Knhlcnbecklus
723 4876 750 4930 p.
769 4862 811 4919 14.

429 4943 451 5015 α)
471 4942 810 5016 Kublenbeckinsp.15.

426 5030 449 5102 t)
467 5029 698 5085 Kohlcnbeckinu
716 5047 743 5102 p.
762 5033 787 5088 7.
