4742 5600
1075 371 1293 435 -10-

254 556 415 626 homines
439 554 484 623 ad
507 554 604 623 varia
634 578 780 623 munera
809 555 1039 644 exsequenda
1066 555 1314 624 tribuerentur.
1360 555 1461 642 Quas
1491 578 1549 624 res
1577 579 1658 624 cum
1687 555 1895 625 notissimae
1920 555 2010 638 sint,
2038 578 2113 624 non

255 673 318 745 est,
344 682 406 728 cur
429 671 695 748 pertractemus.

408 762 510 831 Hanc
533 785 677 850 quoque
701 763 817 849 legem
840 761 894 830 vir
917 760 1145 830 doctissimus
1167 760 1298 846 statuit,
1323 774 1360 830 ut
1383 761 1430 830 illi
1447 775 1519 831 tres
1542 762 1733 831 histriones
1750 762 1960 852 plerumque
1984 783 2112 830 omnes

256 867 394 936 fabulae
418 865 578 955 agendae
602 879 720 955 partes
750 864 924 950 subirent,
952 866 1016 934 sed
1044 864 1074 933 si
1095 863 1260 953 personis
1290 864 1484 935 distributis
1514 880 1634 956 partes
1664 867 1841 955 quaedam
1869 879 2112 956 superessent,

255 993 318 1040 eae
341 974 386 1040 ab
404 970 616 1053 hominibus,
639 969 698 1057 qui
722 971 880 1057 chorago
904 968 1096 1057 praebendi
1120 980 1251 1053 essent,
1275 970 1550 1058 susciperentur.
1596 970 1699 1057 Quae
1716 969 1807 1038 lacta
1829 992 1910 1038 esse
1934 971 2111 1056 conced0,

255 1074 320 1143 sed
343 1073 477 1157 dubito,
501 1096 546 1141 an
569 1095 589 1140 a
613 1073 770 1159 chorago
794 1071 841 1140 illi
865 1071 1028 1140 homines
1051 1070 1122 1139 dati
1146 1093 1220 1139 non
1243 1070 1322 1141 sint.
1368 1073 1558 1142 Praeterea
1576 1072 1765 1143 Richterus
1796 1073 1951 1142 ostendit
1981 1074 2110 1142 discer-

255 1179 411 1248 nendum
433 1178 541 1246 fuisse
566 1177 655 1245 inter
677 1176 1045 1273 protagonistam,
1069 1175 1498 1264 deuteragonistam,
1527 1177 1857 1266 tritagonistam
1888 1190 1994 1266 atque
2018 1200 2111 1246 com·

256 1285 408 1372 probare
431 1283 549 1350 studet
570 1292 722 1370 poetam,
746 1291 915 1368 quantum
934 1278 1009 1347 fieri
1025 1292 1159 1368 posset,
1176 1279 1316 1350 fabulae
1332 1295 1452 1370 partes
1471 1282 1562 1351 inter
1581 1281 1772 1351 histriones
1789 1304 1854 1371 pro
1874 1304 2111 1372 personarum

256 1385 472 1474 dignitate
506 1397 612 1473 atque
647 1382 843 1453 artificio
878 1382 1109 1452 distribuisse.
1161 1382 1236 1453 Sed
1270 1384 1347 1453 fieri
1381 1386 1542 1474 potuisse
1576 1385 1675 1469 dicit,
1710 1398 1750 1454 ut
1778 1385 2046 1474 protagonistae
2076 1396 2112 1453 et

256 1488 566 1577 deuteragonistae
589 1509 764 1576 personae
795 1486 1042 1577 suscipiendae
1065 1486 1211 1570 suerint,
1235 1509 1328 1575 quae
1351 1488 1596 1577 tritagonistae
1625 1488 1868 1557 convenirent.
1920 1487 2023 1574 Quae
2053 1510 2111 1555 res

256 1615 336 1661 cum
360 1592 475 1659 adhuc
497 1614 571 1659 non
594 1590 679 1659 satis
702 1589 875 1679 explicata
898 1589 981 1657 mihi
1003 1589 1166 1659 videatur
1189 1590 1388 1660 accuratius
1411 1592 1648 1661 examinanda
1670 1604 1734 1661 est.

410 1712 465 1780 Ac
488 1710 638 1801 primurn
662 1710 804 1798 quidem
827 1708 1007 1799 Hesychii,
1031 1710 1174 1795 Suidae,
1200 1710 1315 1779 Photii
1338 1713 1449 1781 verba
1472 1713 1540 1781 sub
1560 1712 1710 1781 vocibus
1727 1714 1889 1800 ,νεμήσεις
1908 1709 2111 1799 ὗποκριτιῡν“

256 1815 501 1905 perspicienda
534 1826 632 1884 sunt:
666 1812 696 1881 ol
726 1816 856 1903 ποιηταὶ
889 1812 1063 1900 ἐλάμβανον
1093 1828 1178 1902 τρεῖς
1206 1811 1378 1903 ὑποκριτάς
1407 1819 1510 1906 κληρην
1536 1823 1740 1906 νεμηθέντας,
1773 1815 2035 1906 ὑποκρινομένους
2070 1818 2112 1884 τὰ

255 1922 414 2006 δράματα·
437 1915 482 1985 ὧν
503 1915 521 1986 δ
541 1923 665 2008 νικησας
685 1918 729 1999 εἱς
750 1918 883 1986 τούπιὸν
904 1917 1030 2007 ἄκριτος
1052 1923 1344 2009 παρελαμβάνττο.“

411 2048 513 2133 Quae
536 2047 646 2115 verba
667 2045 715 2113 ita
737 2046 999 2135 interpretanda
1022 2069 1103 2115 esse
1130 2047 1300 2116 arbitror:
1330 2056 1459 2134 poetae
1482 2055 1606 2111 ternos
1636 2043 1826 2113 histriones
1858 2045 2110 2128 sortiebantur,

256 2150 347 2218 inter
374 2171 465 2237 quos
494 2147 633 2217 fabulae
670 2170 843 2237 personas
872 2147 1139 2218 distribuebant.
1191 2150 1355 2236 Quorum
1385 2148 1429 2232 is,
1458 2146 1520 2235 qui
1551 2145 1683 2236 optime
1713 2160 1833 2236 partes
1863 2171 1948 2217 suas
1977 2160 2111 2236 egerat,

256 2254 298 2322 in
321 2264 545 2342 posterum
568 2275 589 2320 a
608 2251 755 2341 poetis
770 2251 925 2320 indolem
942 2264 1048 2342 atque
1064 2252 1248 2322 artificium
1262 2252 1338 2321 eius
1352 2274 1424 2320 non
1440 2251 1560 2319 denuo
1573 2249 1837 2338 experientibus
1852 2250 2110 2338 eligebatur.

257 2357 445 2426 Praeterea
471 2356 597 2425 Plotini
608 2359 631 2441 ¹)
659 2357 760 2425 locus
790 2356 1027 2426 conserendus
1057 2369 1127 2426 est:
1158 2352 1287 2443 ,ὥσπερ
1313 2354 1347 2422 έν
1374 2356 1510 2442 δράματι
1532 2352 1572 2418 τὰ
1593 2353 1652 2436 μὲν
1679 2357 1787 2420 τάττει
1807 2353 1901 2433 αὐτὸς
1922 2351 1941 2420 ὃ
1963 2355 2108 2443 ποιητὴς,

254 2473 323 2541 τοῖς
341 2461 375 2528 δὲ
396 2470 505 2549 χρῆται
526 2455 612 2527 οὖσιν
633 2457 706 2549 ἤδη·
729 2459 847 2547 οὐγὰρ
868 2459 962 2541 αὐτὸς
988 2463 1256 2551 πρωταγωνιστὴν
1284 2461 1357 2528 ου’δὲ
1385 2462 1529 2548 δεύτερον
1558 2457 1632 2525 οὐδὲ
1657 2465 1764 2547 τρίτον
1785 2474 1882 2541 ποιεῖ,
1905 2461 1985 2527 ava
2007 2461 2113 2541 διδοὺς

256 2568 377 2655 ἑκάστην
399 2569 471 2647 τοίς
491 2572 704 2656 προσήκοντας
724 2569 836 2654 λόγους
856 2565 914 2656 ἤδη
935 2568 1098 2635 ἀπέδωκεν
1119 2567 1251 2655 ἑκάστῳ,
1274 2567 1319 2647 εἰς
1338 2566 1356 2634 ὃ
1378 2570 1534 2649 τετάχθαι
1555 2566 1653 2632 δέοι.“

410 2690 521 2758 Poeta
543 2690 657 2778 igitur,
681 2690 980 2778 quemadmodum
1005 2691 1182 2761 indoles
1207 2692 1396 2782 unicuique
1412 2689 1573 2759 histrioni
1597 2689 1700 2758 insita
1718 2689 1913 2773 videbatur,
1936 2711 2112 2778 personas

256 2794 346 2863 inter
366 2792 554 2862 histriones
570 2792 810 2863 distribuebat.
848 2791 922 2863 Sed
939 2793 1023 2882 quid
1047 2794 1113 2865 sibi
1135 2795 1261 2865 volunt
1283 2795 1341 2865 illa
1359 2794 1504 2865 nomina
1525 2796 1802 2881 πρωταγωνιστής,
1818 2794 2107 2882 δευτεραγωνιστής,

256 2898 517 2989 τριταγωνιστήςῖ
562 2899 619 2967 Me
643 2897 785 2987 quidem
808 2897 923 2967 iudice
946 2921 1026 2967 cum
1050 2900 1139 2968 alius
1163 2899 1287 2969 histrio
1309 2899 1415 2968 alium
1439 2899 1474 2967 in
1497 2899 1662 2988 personis
1685 2899 1835 2987 agendis
1856 2899 1978 2968 indole
2001 2912 2108 2986 atque

257 3006 403 3074 artificio
427 3016 620 3095 superaret,
643 3002 772 3071 lactum
796 3013 859 3086 est,
884 3014 922 3070 ut
940 3001 1030 3070 inter
1053 3002 1262 3091 optimos,
1287 3004 1447 3087 bonos,
1472 3002 1612 3070 malos
1628 3001 1819 3069 histriones
1838 3000 2110 3071 discerneretur.

256 3112 377 3200 ltaque
401 3109 565 3200 optimo
588 3107 743 3195 cuique
768 3106 1064 3194 gravissimae
1080 3106 1278 3176 fabularum
1295 3129 1471 3194 personae
1489 3127 1719 3193 summasque
1736 3105 1864 3192 agendi
1888 3105 2111 3174 difficultates

257 3218 469 3305 praebentes
498 3211 757 3295 tribuebantur,
786 3209 880 3277 unde
910 3209 977 3278 illis
1006 3233 1139 3281 nomen
1164 3217 1469 3300 ,,πριοταγωνιοταί“
1493 3209 1640 3278 inditum
1673 3220 1737 3277 est.
1789 3208 1976 3279 Secundas
2006 3208 2112 3297 igitur

257 3332 376 3408 partes
412 3318 606 3386 subeuntes
640 3316 968 3401 ,,δαπιραγωνισταί“,
1004 3316 1124 3385 tertias
1165 3331 1285 3406 partes
1326 3328 1474 3403 agentes
1516 3316 1798 3400 ,,τριταγωνιοταέ“
1832 3313 2110 3403 appellabantur.

258 3422 365 3509 Quod
389 3421 435 3489 ita
458 3443 497 3488 se
521 3421 651 3488 habere
675 3419 792 3507 colligi
815 3432 1000 3508 potest'ex
1031 3420 1084 3488 his
1113 3419 1400 3506 Demosthenis&
1430 3418 1566 3488 verbis:
1598 3417 1688 3501 „lore
1715 3419 1776 3506 γὰρ
1804 3420 1907 3507 δηπου
1936 3416 2031 3483 τοῦθ’
2061 3412 2112 3482 δτι

256 3524 290 3592 ἐν
324 3523 423 3592 άπασι
456 3536 524 3603 τοῖς
554 3525 690 3608 δράμασι
718 3535 786 3602 τοῖς
817 3534 975 3611 τραγικοῖς
1004 3520 1160 3611 ἐξαίρετόν
1193 3523 1276 3591 ἐστιν
1308 3521 1415 3613 ὥσπερ
1446 3529 1539 3612 γέρας
1577 3537 1646 3605 τοῖς
1680 3536 1937 3613 τριταγωνισταῖς
1967 3524 2005 3590 τὸ
2038 3523 2112 3600 τοὶς

256 3636 423 3718 τυράννους
442 3633 494 3697 καὶ
510 3630 584 3709 τοὺς
593 3630 635 3695 τὰ
654 3639 796 3718 σκῆπτρα
818 3628 943 3711 ἔχοντας
964 3627 1099 3697 εἰσιέναι.
1121 3641 1220 3698 ταῦτα
1242 3637 1345 3699 τοίνυν
1366 3630 1400 3698 έν
1418 3640 1465 3717 τῷ
1486 3628 1624 3718 δράματι
1645 3635 1748 3720 ταύτην
1770 3638 1946 3717 σκέψασθε,
1964 3627 1982 3697 ὃ
1999 3636 2112 3716 Κρέων

258 3740 405 3829 Αἰσχίνης
429 3736 483 3805 οἷα
508 3740 606 3825 λέγων
635 3743 808 3827 πεποίηται
836 3745 961 3825 ποιητῇ.
985 3785 993 3802 .
1018 3744 1048 3803 .“
1100 3737 1365 3813 Demosthenes
1395 3736 1502 3825 igitur
1531 3749 1680 3805 testatur
1715 3736 1947 3824 tritagonistis
1983 3758 2110 3824 regum

259 3858 377 3937 partes
400 3844 607 3935 plerumque
630 3842 778 3912 tributas
800 3865 891 3926 esse,
915 3842 1046 3932 quippe
1065 3864 1156 3930 quae
1176 3864 1249 3910 non
1267 3864 1435 3930 magnum
1451 3841 1636 3909 artificium
1655 3841 1848 3927 exigerent.
1893 3841 2109 3910 Aeschinem

257 3972 356 4034 vero,
380 3970 459 4018 curn
484 3946 647 4017 Creontis
670 3968 875 4034 personam,
900 3967 991 4033 quae
1014 3945 1258 4033 tritagonistae
1288 3944 1506 4030 conveniret,
1538 3945 1772 4034 suscepisset,
1798 3967 1842 4012 ne
1865 3967 1942 4013 eam
1967 3944 2110 4033 quidem

258 4057 349 4123 bene
366 4074 472 4141 agere
497 4050 664 4141 potuisse.
710 4048 784 4119 Sed
807 4050 876 4117 hoc
899 4048 1069 4137 imprimis
1091 4048 1353 4137 respiciendum
1376 4062 1432 4118 est
1454 4043 1737 4118 Demosthenem
1759 4049 2110 4118 vehementissimum

258 4155 549 4226 adversarium
574 4153 761 4222 Aeschinis
784 4154 908 4237 luisse,
933 4153 1027 4220 unde
1051 4151 1161 4236 lieret,
1185 4166 1224 4220 ut
1246 4152 1322 4221 eius
1347 4155 1511 4236 merita,
1536 4153 1699 4240 quamvis
1722 4165 1862 4241 posset,
1888 4153 2111 4221 minueret.

258 4260 406 4343 Etenim,
431 4258 489 4347 qui
512 4257 710 4327 accuratius
734 4257 898 4327 Creontis
922 4269 1040 4346 partes
1063 4255 1099 4324 in
1121 4256 1240 4325 sabula
1256 4256 1384 4345 Oedipi
1408 4257 1503 4345 regis
1523 4256 1800 4345 perlustraverit,
1817 4279 1903 4324 sane
1920 4256 2111 4345 intelleget,

259 4365 334 4434 eius
363 4386 551 4454 personam
583 4386 656 4430 non
684 4362 732 4429 ita
761 4373 999 4450 comparatam
1034 4382 1131 4444 esse,
1161 4374 1199 4428 ut
1229 4360 1304 4428 sine
1333 4359 1441 4428 dubio
1469 4359 1713 4447 tritagonistae
1742 4359 1928 4427 tribuenda
1957 4359 2010 4427 sit.
2058 4360 2111 4428 Ex

257 4466 511 4539 Demosthenis
531 4466 636 4554 igitur
658 4464 859 4533 testimonio
884 4464 942 4532 illa
957 4464 1115 4531 virorum
1139 4463 1327 4530 doctorum
1351 4462 1472 4552 opinio
1489 4463 1587 4531 velut
1603 4461 1642 4532 C.
1661 4462 1700 4531 F.
1716 4462 1920 4544 Hermanni,
1944 4463 2111 4547 Richteri,

258 4570 523 4653 Schoenborni,
553 4569 701 4637 aliorum
730 4567 829 4636 lluxit
859 4566 1024 4638 Creontis
1053 4587 1244 4655 personam
1267 4566 1510 4654 tritagonistae
1534 4588 1615 4635 esse
1638 4565 1913 4648 attribuendam,
1943 4566 2111 4653 quoniam

258 4699 331 4745 non
355 4674 439 4744 satis
462 4673 633 4741 rationem
662 4673 861 4741 habuerunt
889 4670 1213 4740 inimicitiarum
1236 4669 1491 4739 Demosthenis
1507 4684 1542 4739 et
1557 4670 1757 4754 Aeschinis,
1776 4670 1840 4738 sed
1857 4669 2113 4739 Demosthenis

257 4781 368 4848 verba
391 4800 475 4846 vera
497 4799 577 4845 esse
601 4789 822 4865 putaverunt.
867 4774 1045 4864 Namque,
1069 4796 1284 4863 quamquam
1309 4773 1391 4842 mihi
1423 4775 1646 4864 propositum
1670 4786 1835 4858 nonest,
1863 4775 1932 4842 hoc
1961 4774 2042 4842 loco
2067 4775 2113 4842 de

415 4951 434 5019 ⁸)
452 4949 562 5003 Plotini
580 4948 706 5005 Ennead
725 4948 779 5002 ΙΙΙ.
797 4952 822 5005 2
844 4948 881 5005 17.
903 4966 928 5020 p.
947 4951 1007 5007 484.
1026 4947 1067 5002 cd.
1089 4946 1183 5003 Oreus.

413 5039 434 5103 ²)
454 5036 487 5089 de
506 5033 577 5089 falsu
595 5034 647 5105 leg.
667 5034 684 5104 ᾖ
701 5034 760 5092 alt.
779 5033 826 5088 cir.
845 5034 941 5088 editio.
960 5035 1019 5089 Th.
1042 5030 1229 5089 Vosmeli'u
1249 5032 1375 5102 Leipzig,
1394 5035 1469 5091 1862.
1489 5051 1515 5105 p.
1534 5036 1593 5092 613.
