4742 5600
1076 372 1294 432 ..11-

253 559 418 649 personis
453 558 563 626 sabuli
593 556 722 646 Oedipi
752 556 849 645 regis
878 555 1111 645 disponendis
1141 576 1264 643 agere,
1293 553 1326 621 id
1361 565 1478 620 tamen
1509 574 1788 621 commemorare
1815 551 1916 620 liceat
1946 552 2109 621 Creontis

253 684 462 752 personam,
493 661 535 729 si
552 659 797 748 tritagonistae
831 658 1022 727 tribuenda
1051 658 1112 743 sit,
1142 659 1188 726 de
1218 679 1291 746 qua
1316 680 1354 725 re
1384 657 1549 745 equidem
1576 656 1679 724 valde
1712 656 1884 739 dubitem,
1914 656 1947 723 ei
1976 669 2110 724 tanturn

252 766 499 855 tritagonistae
529 765 755 834 tribuendum
788 763 908 847 luisse,
944 763 979 831 in
1007 786 1080 851 quo
1114 761 1274 850 aliquid
1306 761 1480 830 artificii
1504 774 1608 850 atque
1643 760 1804 829 indolis
1834 760 1945 829 fuerit.
1991 762 2110 849 Atque

170 926 173 932 .
253 872 322 939 hoc
346 871 490 959 quidem
521 893 565 937 ex
595 867 850 938 Demosthenis
878 867 998 935 verbis
1026 866 1191 936 concludi
1220 889 1330 955 posse
1357 866 1486 954 opinor
1515 888 1588 933 non
1615 886 1757 954 semper
1784 879 1917 933 certum
1945 865 2108 934 iudicium

252 973 363 1042 fuisse
387 973 432 1041 de
456 972 595 1062 primiS,
619 971 801 1054 secundis,
831 970 942 1039 tertiis
970 969 1167 1039 fabularum
1204 970 1380 1059 partibus,
1410 969 1474 1039 sed
1500 969 1576 1037 fieri
1610 969 1785 1059 potuisse,
1819 984 1857 1037 ut
1891 982 2110 1060 spectatores

253 1078 489 1161 dissentirent,
514 1100 606 1168 quae
629 1099 809 1166 personae
833 1076 977 1161 maiore,
994 1097 1086 1163 quae
1103 1074 1240 1142 minore
1262 1073 1408 1143 artificio
1425 1074 1635 1142 histrionum
1652 1088 1807 1162 egerent.
1846 1074 2109 1142 Demosthenes

252 1181 347 1250 enim
371 1184 437 1251 hac
464 1205 517 1267 re,
547 1183 644 1270 quod
674 1204 801 1270 regum
828 1202 1005 1269 personae
1036 1179 1245 1268 plerumque
1275 1176 1412 1245 minore
1435 1176 1643 1244 histrionum
1673 1177 1818 1256 artificio
1847 1179 2016 1265 egebant,
2045 1175 2109 1245 etsi

251 1285 444 1374 splendore
468 1285 608 1353 habitus
631 1285 718 1353 alias
741 1306 911 1373 superare
935 1282 1159 1366 videbantur,
1189 1284 1363 1365 utebatur,
1387 1295 1425 1348 ut
1448 1280 1613 1350 Creontis
1637 1294 1771 1370 partes,
1795 1304 1884 1370 quas
1909 1281 2107 1349 Aeschines

253 1402 387 1478 egerat,
410 1389 655 1478 tritagonistae
678 1388 872 1457 convenire
889 1386 1031 1471 diceret,
1055 1408 1128 1474 quo
1152 1384 1245 1453 illius
1267 1384 1360 1452 laudi
1379 1386 1600 1453 obtrectaret.
1647 1384 1684 1452 ln
1701 1386 1852 1453 eundem
1870 1385 1943 1453 fere
1965 1386 2109 1454 modum

252 1494 518 1562 Demosthenes
548 1494 643 1563 dicit:
656 1495 679 1581 ¹)
708 1494 768 1575 „ab
796 1494 830 1559 δὲ
858 1492 933 1582 μηδ’
957 1489 1023 1580 ἥρω
1048 1492 1104 1559 τὸν
1127 1494 1261 1574 τυχόντα
1289 1490 1368 1556 ἄλλα
1393 1492 1514 1556 τοτ’τιον
1532 1498 1596 1555 τῶν
1618 1489 1683 1555 ἀπὸ
1705 1499 1760 1578 τῆς
1779 1499 1888 1579 σιιγνὶγς
1909 1494 2110 1580 Κρεσφόντην

251 1596 272 1687 ἢ
298 1604 439 1686 Κρέοντα
465 1597 485 1688 ἢ
513 1598 549 1665 ὃν
570 1598 603 1665 έν
625 1601 778 1687 Κολύττῳ
809 1600 889 1666 ποτὲ
917 1598 1069 1682 Οἰνόμαον
1098 1598 1194 1676 κακὸς
1219 1607 1322 1676 κακῶς
1348 1592 1591 1684 ὑποκρινόμενος
1617 1594 1826 1684 ἐπέτριψας.“
1878 1595 1981 1665 Unde
2015 1610 2111 1685 patet

252 1703 470 1772 Aeschinem
508 1704 667 1793 partibus
694 1704 989 1794 splendidissimis
1024 1704 1174 1793 agendis
1203 1702 1352 1791 gloriam
1387 1702 1454 1770 sibi
1487 1715 1689 1791 paraturum
1720 1724 1759 1769 se
1786 1700 1996 1790 speravisse.
2042 1700 2109 1768 De·

252 1808 460 1876 mosthenes
480 1807 596 1896 igitur,
620 1822 658 1877 ut
676 1809 831 1898 populus
847 1808 1038 1877 Aeschinis
1060 1807 1183 1875 merita
1199 1806 1298 1895 parui
1315 1806 1524 1889 aestimaret,
1541 1806 1785 1874 demonstrare
1807 1804 1940 1872 studuit
1960 1804 2109 1894 primurn

250 1932 427 1999 personas
450 1910 592 1979 fabulae
615 1912 920 2001 splendidissimas
947 1934 1021 1980 non
1053 1932 1185 1998 magno
1214 1909 1394 1978 histrionis
1422 1909 1568 1979 artificio
1599 1932 1720 1998 egere,
1744 1907 1871 1977 deinde
1895 1908 2109 1977 Aeschinem

160 2073 162 2077 .
253 2034 299 2080 ne
322 2012 399 2081 illas
423 2013 567 2102 quidem
590 2036 671 2083 cum
687 2016 815 2104 plausu
831 2014 954 2104 populi
973 2013 1102 2106 egisse.
1147 2011 1228 2080 Hoc
1251 2013 1345 2081 enim
1368 2013 1518 2082 dubitari
1540 2014 1671 2101 nequit,
1694 2012 1779 2101 quin
1798 2011 2005 2095 AeschineS,
2029 2034 2109 2079 cum

255 2116 422 2185 Creontis
446 2130 565 2206 partes
588 2133 720 2206 ageret,
744 2141 765 2187 a
787 2119 923 2209 populo
946 2142 1020 2187 non
1042 2117 1146 2186 valde
1170 2117 1391 2186 collaudatus
1415 2118 1468 2186 sit.

408 2220 531 2308 ltaque
554 2223 624 2290 hoc
643 2223 870 2291 statuendum
891 2245 972 2291 esse
989 2238 1137 2290 censeo:
1162 2220 1307 2289 nomine
1330 2220 1659 2311 protagonistae
1683 2219 1879 2309 optimum
1901 2241 2110 2307 quemque

254 2335 360 2413 atque
383 2325 807 2412 praestantissimum
831 2327 1046 2415 appellatum
1070 2347 1162 2414 esse,
1187 2324 1246 2413 qui
1270 2338 1365 2393 certe
1392 2325 1640 2415 plerumque
1670 2323 1800 2413 primas
1830 2323 1968 2392 fabulae
1991 2336 2110 2413 partes

252 2426 398 2511 subiret,
433 2426 578 2496 nomine
617 2428 1000 2517 deuteragonistae
1036 2441 1072 2497 et
1108 2428 1416 2517 tritagonistae
1448 2428 1667 2517 significatos
1701 2451 1782 2497 esse
1814 2451 1878 2497 eos
1910 2427 2109 2511 histriones,

253 2528 314 2617 qui
336 2531 523 2598 nondum
547 2531 591 2599 ad
616 2554 817 2600 summum
841 2531 1089 2600 artificiium
1113 2532 1296 2622 progressi
1320 2533 1528 2621 plerumque
1555 2532 1731 2600 secundas
1759 2545 1793 2600 et
1821 2532 1939 2601 tertias
1971 2531 2110 2599 fabulae

251 2644 372 2722 partes
395 2633 630 2723 susciperent,
654 2633 745 2703 inter
767 2648 988 2725 spectatores
1011 2657 1099 2703 vero
1129 2635 1306 2704 interdum
1329 2650 1463 2704 certum
1489 2635 1654 2704 iudicium
1678 2636 1722 2703 de
1746 2636 1911 2704 secundis
1939 2649 1974 2703 et
2001 2635 2109 2703 tertiis

252 2736 411 2826 partibus
446 2760 520 2806 non
552 2737 678 2824 fuisse,
715 2738 762 2808 ita
796 2753 834 2808 ut
867 2739 1017 2808 eandem
1052 2761 1243 2829 personam
1277 2741 1364 2809 alter
1401 2739 1713 2827 deuteragonistae
1747 2739 1834 2808 alter
1868 2738 2109 2828 tritagonistae

252 2841 460 2929 assignaret.
501 2841 628 2931 Neque
643 2866 731 2911 vero
748 2857 812 2928 est,
829 2867 892 2912 cur
914 2857 1079 2934 putemus
1100 2846 1383 2933 protagonistam
1399 2867 1473 2913 non
1488 2843 1663 2912 interdum
1687 2865 1833 2931 regum
1852 2844 1908 2911 vel
1932 2843 2109 2910 deorum

253 2967 429 3033 personas
446 2945 608 3014 subiisse.
647 2945 756 3032 Quod
780 2948 910 3016 factum
927 2970 1007 3016 esse
1024 2970 1045 3015 a
1062 2947 1255 3033 Luciano²)
1278 2950 1486 3018 affirmatur:
1510 2952 1565 3030 „ol
1578 2946 1633 3015 ἐπὶ
1650 2949 1707 3032 μὲν
1725 2958 1780 3036 τῆς
1793 2957 1901 3037 σαγνῑγς
1911 2946 2110 3034 ἢγαμέμνων

252 3047 382 3128 ἕκαστος
402 3050 506 3114 αὐτῶν
526 3047 547 3137 ἢ
571 3056 682 3138 Κρέων
703 3048 722 3138 ἢ
743 3051 839 3132 αὐτὸς
858 3049 1006 3140 Ἡρακλῆς
1019 3052 1109 3120 εἰσίν·
1133 3051 1193 3136 ἔξω
1208 3054 1242 3120 δὲ
1257 3056 1369 3133 Πῶλος
1390 3052 1409 3143 ἢ
1421 3053 1637 3143 Ἀριστόδημος
1650 3054 1848 3137 ἀποθέμενοι
1861 3054 1902 3119 τὰ
1923 3065 2111 3141 προσωπεῖα

250 3159 411 3240 γίγνονται
433 3152 614 3240 ὑπόμισθοι
633 3159 903 3245 τραγῳδοῦντες·“
927 3173 962 3228 et
984 3159 1096 3226 altero
1119 3157 1266 3226 Luciani
1289 3159 1417 3246 loco:³)
1441 3162 1514 3242 ,οιαὶ
1535 3161 1671 3248 καταβὰς
1689 3160 1755 3226 α’πὸ
1774 3169 1838 3225 τῶν
1858 3158 2001 3244 ἐμβατῶν
2016 3165 2111 3247 πένης

250 3262 303 3325 καὶ
324 3260 474 3339 ταπεινὸς
502 3268 710 3350 περιέρχεται,
733 3264 838 3331 οἰκέτι
850 3264 1049 3352 Ἀγαμέμνων
1064 3259 1082 3329 d
1097 3261 1232 3347 Ἀτρέως
1252 3261 1323 3330 σι’δὲ
1339 3272 1449 3353 Κρέων
1471 3263 1488 3332 d
1510 3273 1688 3346 Μενοικέως
1702 3267 1781 3333 ἀλλὰ
1797 3268 1908 3344 Πῶλος
1921 3267 2112 3351 Χαρικλέους

252 3366 397 3445 Σουνιεὺς
433 3365 691 3451 δνομαζόμενος.“
748 3370 886 3439 Etenim
925 3383 1085 3437 veterum
1129 3367 1339 3438 testimoniis
1380 3373 1572 3442 affirmatur
1610 3374 1735 3443 Polum
1772 3387 1807 3442 et
1843 3374 2108 3441 Aristodemum

252 3473 660 3560 praestantissimos
683 3475 793 3544 fuisse
817 3474 1016 3543 histriones.
1062 3473 1143 3541 Hoc
1166 3485 1284 3544 tamen
1303 3474 1340 3542 in
1359 3476 1523 3565 personis
1545 3478 1635 3547 inter
1655 3478 1844 3546 histriones
1860 3476 2110 3545 distribuendis

253 3574 517 3663 respiciendum
553 3591 608 3646 est
649 3579 917 3668 protagonistae
955 3576 1086 3667 primas
1127 3588 1264 3666 partes,
1299 3577 1609 3667 deuteragonistae
1643 3582 1833 3665 secundas,
1868 3579 2111 3668 tritagonistae

252 3680 373 3749 tertias
403 3682 605 3751 convenire.
657 3684 696 3751 ln
732 3683 861 3771 quibus
891 3680 1123 3772 disponendis
1153 3680 1243 3748 ratio
1273 3703 1347 3748 non
1375 3683 1570 3752 habebatur
1597 3685 1797 3774 splendoris
1825 3707 2017 3774 personae,
2046 3684 2109 3753 sed

252 3785 391 3853 artificii
419 3799 525 3875 atque
560 3788 699 3856 virtutis
729 3788 918 3872 histrionis
947 3788 1076 3877 quibus
1104 3786 1149 3853 ad
1173 3808 1235 3853 eas
1263 3799 1381 3874 partes
1409 3789 1652 3878 suscipiendas
1681 3812 1772 3878 opus
1799 3802 1882 3857 erat.
1929 3790 2036 3875 Quod
2063 3789 2110 3857 ita

251 3911 335 3957 sese
350 3890 482 3958 habere
501 3914 522 3958 a
538 3891 762 3978 Plutarchoq
779 3892 972 3960 affirmatur
988 3891 1042 3959 his
1058 3889 1192 3959 verbis:
1216 3887 1359 3972 ,,ἄτοπον
1373 3896 1432 3980 γάρ
1447 3891 1523 3975 ἐστι,
1538 3894 1594 3960 τὸν
1610 3895 1667 3978 μὲν
1682 3893 1715 3959 ἐν
1731 3895 1890 3981 τραγῳδίᾳ
1904 3919 2111 3983 προπαγωνι-

250 3993 336 4081 erip,
360 3995 523 4080 Θεόδωρον
543 3992 563 4082 ἢ
587 3998 699 4062 Πῶλον
722 3994 798 4062 ὄντα
818 4003 976 4082 μισθιοτῳ
998 4005 1045 4083 τῶ
1070 3996 1111 4060 τὰ
1138 4001 1230 4083 τρίτα
1256 3999 1379 4084 λέγοντι
1405 4003 1558 4080 πολλάκις
1580 4000 1719 4067 ἕπεσθαι
1745 4002 1797 4067 καὶ
1824 4003 2111 4088 προσδιαλέγεσθαι

249 4108 422 4179 ταπεινῶς,
452 4097 507 4165 ἐὰν
535 4098 651 4181 ἐκεῖνος
678 4100 731 4190 dgr,
758 4102 797 4168 τὺ
828 4104 963 4190 διάδημα
989 4104 1103 4170 καὶτὸ
1144 4113 1334 4193 σκῐγττρσν.“
1385 4108 1549 4195 Denique
1581 4107 1768 4176 Richterus
1804 4107 1895 4176 banc
1929 4108 2045 4195 legem
2074 4106 2110 4173 in

252 4306 514 4375 sententiarum
538 4332 730 4378 conexus
753 4311 1021 4399 quodammodo
1045 4311 1353 4400 intercederet,
1383 4330 1443 4384 aut
1465 4317 1543 4385 illae
1566 4338 1715 4405 prorsus
1738 4316 1935 4384 diversae
1958 4327 2109 4383 essent.

414 4410 532 4496 Quam
555 4413 766 4482 sententiam
790 4414 945 4484 Richteri
969 4437 1174 4504 perversam
1199 4441 1280 4486 esse
1303 4433 1400 4509 put0‚
1420 4443 1500 4489 cum
1522 4434 1664 4508 poetam
1681 4419 1764 4488 nihil
1781 4419 1956 4508 antiquius
1980 4420 2110 4487 habere

252 4527 455 4603 oporteret,
478 4539 585 4604 quam
601 4530 640 4585 ut
662 4540 837 4606 personas
853 4518 901 4587 ita
915 4519 1006 4588 inter
1028 4519 1218 4590 histriones
1242 4522 1476 4606 distribueret,
1500 4537 1538 4590 ut
1560 4546 1633 4591 non
1656 4522 1748 4590 idem
1766 4523 1887 4591 histrio
1909 4523 2111 4611 complures

410 4690 430 4750 ¹)
449 4689 566 4744 Lucina.
586 4707 711 4762 necyorn.
732 4709 754 4747 e.
773 4694 798 4750 ὃ.

408 4778 431 4843 ')
450 4777 567 4832 Lucinn.
587 4795 713 4849 necyom.
734 4796 756 4836 α,
777 4781 816 4835 16.

409 4855 432 4924 ³)
451 4856 537 4915 schol.
557 4856 593 4910 ed
612 4857 682 4915 Luc.
700 4857 765 4912 δον.
783 4862 846 4928 trag
872 4874 895 4910 e.
914 4858 945 4914 3:
971 4847 1106 4930 ,,Πῶλος
1130 4848 1165 4915 δέ
1193 4848 1475 4940 minorumque
1495 4848 1662 4940 ὑποκριταὶ
1689 4863 1887 4943 περιφανεῖς·
1910 4847 2112 4936 &neotum

250 4943 316 5019 οὖν
337 4947 371 5015 έν
391 4962 462 5029 ταῖς
482 4953 672 5039 τραγῳδίαις
691 4954 745 5019 καὶ
764 4956 946 5040 κωμῳδίαις
965 4955 1039 5034 τοὶς
1059 4956 1189 5034 διούςέι

409 5056 429 5124 ⁴)
448 5057 490 5108 rei
511 5056 615 5126 publio.
633 5074 689 5128 ger.
709 5074 800 5129 praec.
818 5077 840 5114 o.
859 5064 902 5120 21.
920 5063 945 5119 3.
