4742 5600
1048 432 1265 496 -ῃ-

234 645 408 711 personas
431 644 547 709 agere,
572 622 635 689 sed
659 633 696 687 ut
719 620 880 687 diversae
904 641 1077 707 personae
1100 641 1121 686 a
1144 617 1294 685 diversis
1319 617 1520 685 hominibus
1551 617 1608 705 agi
1631 617 1845 685 viderentur.
1891 615 2030 683 Etenim
2057 615 2089 682 si

235 738 453 815 spectatores
477 724 807 793 animadvertissent
835 745 944 790 unum
975 723 1200 811 eundemque
1223 723 1429 790 histrionem
1453 722 1656 810 complures
1678 735 1796 811 partes
1817 744 1936 809 agere,
1958 745 1998 789 se
2015 744 2089 789 non

234 853 333 898 vera
356 831 420 897 sed
442 830 544 898 sicta
565 829 690 896 videre
716 826 980 915 cognovissent.
1027 827 1135 912 Quod
1159 827 1374 911 Richterus¹)
1398 826 1433 893 in
1461 825 1665 912 Antigonae
1687 825 1807 893 fabula
1829 824 1989 893 Tiresiae
2013 847 2089 913 per-

235 956 359 1001 sonam
383 933 649 1022 protagonistae
673 931 800 1016 tribuit,
825 954 904 999 cum
928 931 1119 1018 Antigona,
1144 931 1244 999 cuius
1260 943 1379 1018 partes
1403 930 1495 997 idem
1519 930 1642 998 histrio
1666 930 1815 1017 egisset,
1840 952 1904 1018 per
1928 927 2090 995 Tiresiae

236 1060 420 1126 personam
450 1051 627 1124 tamquam
656 1036 747 1124 ipsa
776 1035 840 1102 sui
869 1035 1007 1124 ipsius
1036 1034 1168 1102 ultrix
1192 1035 1386 1117 videretur,
1411 1057 1516 1101 nemo
1541 1058 1614 1102 non
1638 1034 1832 1120 intelleget,
1857 1033 1891 1100 in
1915 1044 2088 1120 quantum

235 1164 388 1209 errorem
412 1141 465 1208 vir
487 1140 803 1233 doctus-inciderit,
820 1140 854 1206 id
871 1141 968 1227 quod
989 1140 1057 1208 iam
1074 1139 1324 1207 Lachmannus
1347 1139 1381 1205 in
1398 1139 1607 1206 recensione
1629 1138 1720 1205 illius
1741 1136 1954 1207 Richteriani
1978 1135 2086 1205 libelli

176 1275 178 1281 ’
235 1248 329 1313 recte
358 1245 559 1333 exposuit.²)
609 1245 740 1321 Poetae
768 1245 889 1333 igitur,
920 1257 1089 1332 quantum
1118 1243 1194 1311 fieri
1224 1242 1351 1331 potuit,
1384 1243 1583 1311 cavendum
1618 1257 1709 1326 erat,
1745 1266 1789 1311 ne
1824 1244 2015 1311 histriones
2052 1241 2089 1308 in

233 1349 397 1438 personis
421 1349 567 1437 agendis
592 1363 904 1437 cognoscerentur.
949 1347 1156 1437 Imprimis
1184 1361 1302 1413 autem
1326 1346 1357 1414 ei
1381 1347 1416 1414 in
1440 1347 1598 1436 partibus
1622 1347 1873 1416 distribuendis
1903 1346 2090 1436 respici·

236 1453 388 1520 endum
412 1466 502 1537 erat,
526 1476 617 1540 quae
647 1476 822 1542 personae
851 1452 895 1519 ad
924 1451 1202 1538 uniuscuiusque
1233 1473 1392 1535 mores,
1427 1450 1635 1534 indolem,
1668 1465 1873 1533 aetatem,
1909 1473 2081 1531 vocem,

236 1556 445 1645 speciem,
486 1555 714 1624 artificium
753 1557 975 1644 quadrarent.
1030 1555 1134 1624 Unde
1167 1556 1287 1640 fiebat,
1322 1569 1360 1622 ut
1396 1556 1581 1623 mulierum
1617 1570 1735 1644 partes
1769 1558 1978 1645 plerumque
2014 1553 2089 1621 uni

237 1659 464 1746 eidemque
488 1659 647 1726 histrioni
670 1660 852 1742 darentur,
877 1681 970 1742 cum,
1001 1659 1061 1745 qui
1084 1659 1128 1726 ad
1153 1658 1370 1726 mulierum
1401 1681 1575 1747 personas
1604 1660 1763 1747 agendas
1793 1674 1919 1727 natura
1949 1681 2086 1727 accom-

237 1763 401 1830 modatus
425 1775 533 1846 esset,
562 1763 644 1830 item
672 1763 823 1830 idoneus
853 1785 1030 1830 essenon
1058 1776 1181 1851 posset
1209 1762 1254 1829 ad
1284 1764 1440 1830 heroes
1463 1764 1518 1830 vel
1548 1764 1654 1830 deos
1683 1764 1854 1850 agendos.
1903 1763 1955 1830 Ex
1983 1784 2026 1829 ea
2050 1784 2089 1828 re

236 1887 322 1933 sane
356 1866 394 1935 C.
429 1865 467 1933 F.
505 1866 697 1934 Hermanni
733 1866 936 1950 sententiai)
970 1866 1070 1933 fluxit
1103 1866 1428 1953 deuteragonistam
1463 1868 1671 1955 plerumque
1697 1868 1880 1935 mulierum
1914 1888 2089 1956 personas

219 1970 400 2059 subiisse.
446 1971 501 2039 De
525 1994 595 2059 qua
618 1994 655 2038 re
678 1971 731 2038 vir
754 1971 880 2037 doctus
904 1970 950 2037 ita
973 1970 1144 2059 disputat:
1168 1971 1355 2040 Secundas
1379 1983 1496 2037 autem
1526 1984 1654 2058 partes,
1678 1971 1707 2037 si
1731 1971 1832 2038 simili
1857 1972 1965 2038 modo
1990 1984 2089 2038 certo

222 2073 337 2141 alicui
362 2075 543 2142 hominum
568 2073 688 2161 generi
717 2074 870 2141 tribuere
894 2087 1071 2162 oporteat,
1099 2074 1197 2161 quod
1222 2096 1294 2140 non
1318 2073 1415 2140 solas
1439 2073 1515 2140 illas
1539 2098 1604 2142 nec
1628 2076 1745 2142 solum
1774 2075 1940 2155 tenuerit,
1971 2088 2090 2142 tamen

237 2200 302 2244 sua
325 2190 450 2245 natura
473 2178 520 2246 ita
546 2190 787 2267 comparatum
816 2176 932 2259 suerit,
961 2191 999 2243 ut
1026 2177 1241 2264 singularem
1271 2175 1450 2243 histrionis
1479 2177 1634 2245 indolem
1657 2177 1865 2264 requireret,
1896 2179 1989 2245 haud
2014 2178 2090 2245 scio

238 2303 282 2348 an
306 2281 391 2369 ipsa,
416 2304 506 2369 quae
530 2283 638 2349 modo
656 2281 769 2370 posui,
789 2280 951 2367 exempla
970 2280 1216 2367 persuadeant,
1235 2279 1337 2346 simili
1356 2280 1503 2363 ratione,
1525 2302 1596 2366 qua
1611 2302 1716 2367 reges
1733 2280 1863 2363 tertias,
1882 2281 2088 2348 muliebrem

238 2408 361 2453 sexum
393 2387 568 2453 secundas
604 2398 722 2473 partes
750 2383 930 2465 habuisse,
961 2383 1061 2450 cuius
1084 2405 1214 2450 mores
1245 2406 1327 2472 cum
1363 2382 1508 2450 omnino
1544 2396 1696 2467 constet,
1727 2370 1947 2473 Sophoclem
1977 2384 2089 2451 multo

238 2489 370 2556 maiore
394 2512 478 2556 cura
501 2501 535 2555 et
558 2488 736 2575 diligentia
759 2489 803 2555 ad
827 2487 1014 2574 singularis
1038 2487 1114 2555 eius
1138 2486 1266 2554 indolis
1290 2487 1443 2574 elligiem
1468 2488 1704 2575 expressisse,
1730 2489 1824 2555 haud
1844 2489 2005 2577 prolecto
2030 2490 2088 2556 ab·

238 2614 365 2659 sonum
390 2592 506 2675 suerit,
537 2592 565 2659 si
590 2591 693 2659 huius
721 2591 942 2679 potissimum
972 2591 1102 2659 inventi
1133 2614 1241 2658 causa
1269 2591 1408 2658 tertium
1440 2593 1483 2659 ab
1512 2590 1570 2658 illo
1606 2603 1762 2659 actorem
1796 2592 1896 2680 quasi
1928 2593 2084 2659 medium

237 2695 327 2763 inter
361 2695 453 2762 duos
483 2694 707 2782 Aeschyleos
742 2694 986 2783 interpositum
1020 2694 1221 2761 dixerimus.
1274 2694 1433 2780 Quarum
1468 2693 1613 2762 alteram
1649 2695 1871 2783 opinionem,
1903 2695 2089 2763 mulierum

237 2814 355 2888 partes
371 2799 689 2886 deuteragonistae,
707 2813 876 2887 quantum
893 2800 966 2867 fieri
985 2813 1116 2888 posset,
1138 2801 1238 2867 datas
1255 2823 1345 2883 esse,
1363 2821 1528 2887 sagacem
1546 2822 1626 2866 esse
1643 2800 1814 2882 concedo,
1831 2801 1977 2867 alteram
1995 2823 2084 2868 vero

239 2888 354 2970 minus
378 2902 602 2970 verisimilem
626 2925 706 2970 esse
730 2902 894 2990 equidem
919 2904 1077 2970 arbitror.
1124 2902 1286 2991 Namque
1309 2902 1511 2990 Sophocles
1533 2901 1702 2990 imprimis
1726 2926 1768 2970 ea
1784 2925 1891 2970 causa
1912 2905 2088 2997 adductus

238 3030 319 3074 esse
343 3007 424 3074 mihi
449 3006 603 3088 videtur,
628 3019 666 3073 ut
689 3007 827 3074 tertium
851 3020 1003 3074 actorem
1028 3006 1191 3088 adiceret,
1216 3007 1383 3094 quoniam
1407 3006 1499 3094 ipse,
1531 3006 1751 3074 tenuitate
1774 3008 1900 3075 vocis
1923 3008 2089 3097 impedie-

238 3113 349 3195 batur,
374 3110 564 3199 quominus
588 3134 760 3199 personas
784 3112 941 3198 agendas
965 3111 1170 3199 susciperet.
1218 3111 1339 3178 Tertio
1369 3123 1485 3177 autem
1512 3110 1681 3178 histrione
1712 3113 1851 3200 publice
1875 3113 1958 3180 dato
1983 3126 2091 3201 poeta

240 3217 413 3298 utebatur,
439 3226 476 3281 ut
500 3213 533 3280 in
558 3215 749 3300 tragoediis
773 3216 846 3282 suis
870 3216 989 3304 plures
1014 3238 1187 3304 personas
1211 3238 1293 3282 una
1315 3214 1351 3280 in
1367 3236 1497 3281 scaena
1520 3214 1757 3301 loquentes
1781 3216 1973 3300 induceret,
1990 3216 2089 3283 chori

239 3320 392 3387 carmina
417 3319 604 3402 minueret,
628 3320 785 3387 actiones
809 3320 844 3386 in
868 3342 997 3387 scaena
1026 3319 1241 3388 celebriores
1272 3335 1377 3408 atque
1407 3320 1563 3406 aptiores
1593 3320 1637 3386 ad
1668 3320 1873 3389 alliciendos
1904 3321 2088 3389 hominurn

239 3425 376 3491 animos
400 3423 571 3489 redderet.

392 3543 499 3628 Quod
523 3542 675 3629 denique
699 3542 885 3609 Richterus
909 3555 1161 3610 commemerat
1185 3565 1471 3632 unamquamque
1495 3566 1685 3632 personam
1709 3547 1897 3613 abeodem
1916 3545 2088 3614 histrione

238 3661 415 3734 peractam
439 3669 529 3728 esse,
553 3646 585 3713 ei
608 3646 812 3735 adstipulor.
858 3646 996 3714 Etenim
1020 3647 1059 3716 C.
1084 3647 1121 3713 F.
1147 3646 1339 3714 Hermanni
1370 3647 1458 3715 ratio
1489 3670 1637 3736 prorsus
1667 3648 1900 3737 improbanda
1924 3664 1994 3734 est,
2018 3649 2089 3738 qui,

238 3763 277 3817 ut
299 3751 499 3839 exemplum
530 3750 691 3834 afferam,
722 3749 757 3818 in
787 3750 915 3839 Oedipi
945 3751 1094 3820 Colonei
1127 3751 1246 3818 fabula
1275 3750 1406 3818 Thesei
1437 3774 1627 3839 personam
1658 3751 1748 3819 inter
1777 3766 1869 3820 tres
1899 3753 2089 3822 histriones

238 3853 420 3921 distribuit.
466 3853 540 3922 Sed
564 3854 632 3920 hoe
655 3853 796 3941 quidem
819 3854 1020 3922 addendum
1042 3868 1096 3922 est
1119 3856 1213 3923 haud
1237 3877 1318 3922 raro
1335 3877 1537 3943 personam,
1559 3855 1588 3922 si
1613 3869 1709 3922 muta
1732 3857 1842 3941 lieret,
1866 3860 1910 3925 ab
1934 3858 2088 3942 homine,

239 3959 297 4045 qui
321 3971 468 4026 vocatur
490 3963 685 4045 „repriorarem
704 3962 833 4046 κωφόν“
858 3971 1058 4048 susceptam
1083 3983 1173 4044 esse,
1198 3959 1294 4026 velut
1312 3958 1430 4025 Aiacis
1454 3958 1581 4025 mortui
1598 3972 1633 4025 et
1650 3958 1865 4027 Tecmessae
1882 3984 2084 4049 personam,

238 4062 271 4129 id
297 4063 392 4149 quod
416 4063 483 4130 iam
507 4062 541 4129 in
565 4062 811 4132 dissertatione
835 4085 914 4130 mea
936 4062 1117 4151 explicavi.
1145 4105 1185 4113 -

393 4183 523 4251 Poetas
546 4183 651 4271 igitur
675 4206 746 4252 non
770 4197 913 4252 certas
937 4185 1108 4271 quasdam
1133 4185 1255 4271 leges
1279 4183 1314 4251 in
1338 4182 1501 4271 personis
1521 4183 1611 4250 inter
1626 4182 1816 4251 histriones
1833 4184 2086 4255 distribuendis

238 4298 381 4354 secutos
411 4309 491 4354 esse
528 4301 630 4376 put0,
670 4289 732 4356 sed
767 4311 878 4377 parvo
913 4288 1121 4356 histrionum
1156 4310 1306 4355 numero
1340 4310 1448 4375 saepe
1483 4287 1658 4355 coercitos
1692 4288 1830 4356 labulae
1867 4303 1986 4378 partes
2021 4314 2089 4359 suo

393 4569 411 4628 ¹)
430 4564 551 4620 Richter.
571 4564 588 4619 l.
608 4564 624 4620 l.
645 4581 672 4633 p.
691 4567 732 4621 49.
751 4581 828 4635 sequ.

392 4667 1049 4734 ²)Jahrbueherv0nSeebode,Jah11‚Klotz.
1084 4668 1230 4737 Jahrgaug
1256 4668 1304 4724 xi.
1324 4669 1356 4722 B.
1375 4670 1417 4723 31.
1437 4671 1466 4721 S.
1486 4672 1548 4726 457:
1573 4668 1643 4732 „Am
1664 4670 1817 4736 weuigsteu
1842 4671 1910 4722 wird
1933 4689 1997 4723 man
2021 4671 2083 4724 dem

238 4754 388 4807 Verlasser
407 4754 545 4822 angeheri,
564 4753 629 4807 duee
649 4771 678 4807 es
696 4756 816 4807 rlihrend
835 4756 891 4820 sei,
910 4771 989 4807 wonu
1009 4757 1093 4808 einen
1111 4753 1256 4806 'l'odeslell
1275 4754 1324 4807 der
1342 4755 1553 4826 Sehamphler,
1574 4755 1622 4808 der
1645 4756 1700 4808 den
1718 4755 1830 4807 'l‘odteu
1851 4756 2013 4826 durgestellt
2031 4758 2087 4820 het,

238 4839 328 4891 selbst
345 4840 441 4896 melde.
479 4837 518 4891 lm
539 4838 714 4906 Gegentheil,
734 4840 783 4892 hat
801 4857 831 4892 es
851 4840 899 4893 der
916 4841 1034 4893 Dichter
1052 4857 1083 4892 so
1103 4840 1295 4908 cingerichtet,
1313 4857 1345 4892 so
1364 4858 1439 4892 muso
1458 4842 1506 4893 der
1524 4842 1677 4895 Dareteller
1696 4843 1767 4895 uach
1785 4844 1833 4895 der
1853 4843 2013 4895 aiussersten
2031 4843 2089 4896 Un-

239 4925 412 4978 iihnliehlreit
428 4925 459 4976 iu
478 4924 594 4978 Stimme
614 4925 672 4976 und
690 4924 818 4995 Heltuug
836 4927 958 4990 unchen,
976 4925 1038 4977 weil
1059 4926 1104 4978 die
1123 4925 1280 4978 Zuseheuer
1298 4927 1400 4994 gerarde
1419 4928 1464 4979 bei
1484 4927 1546 4980 dem
1560 4928 1681 4981 Erusten
1700 4930 1816 4998 geueigt
1833 4946 1866 4980 zu
1881 4930 2090 4998 passerrhesteu

239 5009 394 5064 Gedaulren
412 5009 502 5068 sind“.

391 5114 411 5179 2³)
431 5111 462 5169 O.
480 5111 511 5170 F.
531 5113 686 5166 Hermann.
705 5112 722 5170 l.
743 5112 759 5170 l.
779 5129 805 5183 p.
825 5116 859 5170 26
