4742 5600
1069 339 1307 448 ,η-

653 588 746 636 vers.
769 570 843 657 803.
889 567 924 633 οἵ
942 565 1015 655 ἐγώ,
1039 571 1138 658 φίλοι,
1161 572 1315 660 modurn?
1336 572 1504 660 ἀναγκαίας
1525 573 1627 665 τύχης,

884 676 936 740 καλ
956 675 1145 742 σπεύσαθ’
1165 670 1203 743 οἳ
1227 677 1296 761 μὲν
1325 688 1495 768 Τεῦκρον
1519 679 1560 748 ἐν
1585 686 1699 766 τάχει
1723 688 1880 769 μολεῖν,

882 783 916 846 οἳ
936 780 966 846 d'
988 778 1141 869 ἑσντέροος
1160 781 1312 869 ἀγκῶνας,
1336 785 1371 851 οἵ
1388 786 1419 851 d'
1440 785 1604 876 ἀντηλίους
1704 814 1707 823 ’

884 885 1029 974 ζητεῖτ’
1051 887 1183 968 ίύντες
1203 889 1335 977 τάνδρὸς
1355 890 1461 975 ἔξοδον
1480 897 1587 984 κακην.

888 990 1008 1079 symm
1028 994 1089 1083 νῖν
1111 997 1150 1084 li
1171 996 1283 1086 νντὸς
1303 996 1486 1088 lampa,

883 1100 937 1164 καὶ
957 1109 1013 1189 τῆς
1033 1103 1172 1182 παλαιᾶς
1190 1105 1319 1190 χάριτος
1340 1102 1555 1196 ἐκβεβλημένη.

435 1227 547 1295 Poeta
568 1223 661 1292 enim
684 1222 916 1291 Tecmessam
939 1223 1027 1291 haec
1050 1222 1231 1294 iubentem
1260 1225 1357 1311 lacit,
1387 1239 1425 1295 ut
1454 1250 1606 1298 scaenae
1635 1235 1820 1305 exornatio
1855 1239 1982 1307 mutari
2012 1239 2137 1328 possit.

270 1333 420 1404 'Scaena
442 1342 576 1398 mutata
597 1326 690 1395 Aiax
713 1325 882 1417 procedit.
929 1324 1000 1411 Qui
1029 1329 1270 1415 praenuntiari
1300 1352 1374 1398 non
1397 1343 1531 1419 potest,
1556 1356 1636 1403 cum
1666 1349 1771 1406 antea
1793 1361 1911 1428 neque
1941 1340 1978 1409 in
2008 1364 2139 1412 scaena

279 1459 396 1526 neque
418 1434 454 1503 in
477 1434 660 1503 orchestra
682 1430 870 1522 quisquam
893 1443 1070 1499 versetur.
1187 1426 1202 1465 ⁸

434 1538 544 1607 Aiace
571 1546 714 1605 mortuo
744 1536 876 1603 chorus
903 1533 939 1602 in
969 1536 1188 1605 orchestram
1217 1535 1344 1625 prodit.
1391 1536 1474 1623 Quo
1502 1538 1594 1608 lacto
1623 1541 1840 1613 Tecmessae
1872 1568 1959 1631 vox,
1988 1548 2139 1636 quaein

265 1644 398 1714 ‚Aiacis
422 1665 553 1732 corpus
575 1640 754 1723 inciderat,
778 1650 861 1728 post
884 1638 1045 1708 dextram
1068 1640 1262 1729 periactum
1292 1640 1448 1717 auditur:

601 1786 692 1832 vers.
715 1765 791 1851 891.
836 1761 876 1827 ίιύ
896 1767 954 1846 μοί
973 1788 1041 1846 μοι.

601 1891 693 1937 vers.
715 1870 790 1956 893.
836 1867 876 1933 ἰὼ
897 1870 1035 1957 τλήμων.

434 1996 536 2083 Quae
560 1993 619 2062 ubi
643 1991 784 2073 audivit,
809 1992 942 2060 chorus
965 1992 1053 2059 haec
1076 1984 1189 2060 dicit:

599 2136 691 2182 vers,
714 2115 789 2201 892
833 2119 918 2192 τίνος
933 2112 999 2201 βοὴ
1020 2115 1183 2200 πάραυλος
1204 2111 1292 2203 ἐξέβη
1314 2119 1451 2197 admove,-

600 2243 692 2290 verS.
714 2221 789 2309 894
834 2219 890 2307 τὴν
911 2220 1121 2308 ύουρίληνττον
1142 2220 1298 2307 δύσμορον
1314 2224 1440 2310 νύμφην
1461 2218 1540 2309 ὁρῶ

831 2332 1010 2414 Τέκμησσαν
1032 2325 1130 2413 οἴκτῳ
1152 2328 1234 2413 τῷδε
1256 2332 1515 2415 συγκεκραμένην.

431 2451 570 2538 Quibus
600 2447 718 2517 verbis
751 2449 882 2516 chorus
909 2448 1141 2517 Tecmessam
1165 2449 1403 2537 praenuntiat,
1431 2449 1465 2517 id
1495 2451 1592 2538 quod
1616 2465 1723 2540 poeta
1746 2476 1821 2522 non
1844 2453 1887 2523 iis
1911 2456 2028 2524 causis
2052 2478 2128 2545 per·

278 2570 408 2641 motus,
433 2577 522 2644 quas
546 2554 661 2621 adhuc
684 2551 792 2636 attuli,
815 2551 906 2620 lecit.
951 2550 1116 2641 Namque
1145 2552 1258 2620 choro
1294 2573 1381 2621 sane
1404 2552 1620 2622 Tecmessae
1644 2570 1727 2645 post
1754 2557 1915 2627 dextram
1941 2559 2135 2649 periactum

277 2661 451 2731 versantis
474 2683 546 2729 vox
569 2656 791 2747 respicienda
813 2668 919 2745 atque
942 2655 1205 2745 spectatoribus
1228 2656 1463 2725 nuntiandum
1486 2671 1575 2742 erat,
1599 2659 1683 2747 quid
1706 2674 1790 2750 post
1811 2662 1906 2732 illam
1932 2663 2128 2753 periactum

277 2769 386 2838 lieret.
431 2766 553 2855 ltaque
576 2786 613 2831 re
637 2760 800 2831 scaenica
822 2759 954 2829 chorus
981 2759 1184 2845 adducitur,
1209 2772 1266 2842 ut,
1290 2782 1382 2849 quae
1410 2774 1630 2851 spectatores
1658 2786 1731 2833 non
1754 2764 1917 2853 videant,
1948 2766 2133 2856 significet.

275 2875 434 2962 Itemque
457 2870 611 2951 Teucer,
635 2866 840 2956 priusquam
864 2863 898 2932 in
922 2886 1089 2933 scaenam
1112 2864 1287 2953 procedit,
1312 2888 1333 2933 a
1362 2865 1473 2934 choro
1499 2866 1775 2955 praenuntiatur.
1821 2868 1893 2955 Qui
1924 2870 1984 2940 ubi
2014 2871 2133 2941 Aiacis

278 3000 408 3068 corpus
439 2974 533 3058 vidit,
558 2973 645 3040 haec
668 2969 858 3037 exclamat:

599 3114 691 3160 vers.
713 3112 788 3180 974.
833 3087 873 3153 ίιύ
893 3092 950 3171 μοί
970 3114 1037 3171 μοι.

431 3216 570 3305 Quibus
594 3213 694 3282 dictis
718 3212 849 3281 chorus
873 3209 1219 3299 appropinquantem
1244 3215 1299 3283 his
1322 3215 1441 3283 verbis
1465 3216 1703 3305 praenuntiat:

599 3358 691 3403 vers,
713 3354 788 3424 975.
834 3338 967 3422 σίγησον
990 3331 1112 3420 αύύὴν
1132 3334 1193 3421 γὰρ
1215 3337 1299 3402 ύοκιῦ
1324 3340 1490 3422 Τεύκρου
1512 3340 1616 3405 κλύειν

824 3444 963 3524 βοῶντος
983 3436 1060 3527 ἄτης
1080 3440 1167 3527 τῆσδ’
1190 3439 1369 3507 ἐπίσκοπον
1389 3445 1495 3525 μέλος.

429 3568 559 3640 Teucri
587 3566 687 3635 iussu
716 3563 912 3631 Tecmessa
939 3561 985 3630 ad
1019 3574 1135 3630 castra
1160 3563 1260 3645 redit,
1291 3576 1329 3631 ut
1358 3562 1577 3653 Eurysacem
1607 3579 1774 3636 arcessat.
1826 3567 1898 3636 Iam
1929 3591 2016 3639 vero
2051 3594 2131 3639 exa-

274 3681 464 3761 minemus,
494 3696 557 3744 cur
585 3672 717 3739 chorus
747 3665 948 3735 Menelaum
978 3665 1323 3756 appropinquantem
1352 3668 1662 3756 praenuntiaverit.
1709 3670 1852 3740 Chorus
1882 3671 1976 3739 enim
2006 3696 2130 3762 regem

276 3784 372 3876 prius
395 3774 640 3849 animadvertit
663 3792 769 3862 quam
793 3768 943 3852 Teucer,
966 3766 1002 3836 id
1025 3768 1124 3857 quod
1147 3792 1193 3838 ex
1216 3770 1270 3837 his
1294 3770 1413 3839 verbis
1436 3771 1567 3840 elucet:

574 3918 666 3965 vers
694 3915 786 3981 1040.
831 3890 875 3978 μη
895 3901 977 3956 τεῖνε
999 3891 1133 3976 μακρὰν,
1156 3889 1226 3956 ἀλλ’
1248 3887 1339 3970 ὅπως
1358 3895 1491 3978 κρύψεις
1511 3896 1606 3982 τάφῳ

826 3995 947 4085 φράζου
968 3995 1025 4061 τὸν
1045 3993 1143 4084 ἄνδρα
1162 3993 1212 4079 χῶ
1232 4022 1265 4063 τι
1285 4000 1415 4086 μοθηση
1436 4001 1528 4080 τάχα·

824 4104 955 4187 βλέπω
976 4102 1037 4190 γὰρ
1058 4100 1200 4188 ἐχθρὸν
1222 4111 1342 4193 φῶτα,
1365 4104 1418 4169 καί
1439 4103 1509 4186 τάχ’
1531 4102 1570 4168 ἄν
1590 4115 1705 4183 κακοῖς

823 4212 923 4296 γελῶν
942 4208 963 4275 ii
984 4210 1024 4297 ύη
1043 4219 1215 4297 κακοῦργος
1234 4207 1361 4291 ἐξίκοιτ’
1382 4209 1470 4298 ἀνήρ.

429 4336 568 4423 Quibus
591 4334 692 4402 dictis
716 4332 856 4402 Teucer
880 4332 1093 4421 interrogat:
1557 4339 1559 4343 ’

573 4478 664 4524 vers
691 4477 783 4545 1044.
828 4459 876 4534 τίς
896 4454 927 4520 d’
947 4453 1029 4536 ἕστις
1049 4462 1120 4538 μῶν
1140 4452 1212 4520 τιν’
1233 4450 1351 4542 α’νύρα
1372 4451 1651 4541 νεροσλεύσσεις
1671 4467 1824 4545 στρατούς

428 4578 548 4666 Atque
571 4579 702 4646 chorus
725 4576 937 4666 respondet:

573 4721 666 4767 vers.
691 4718 784 4788 1045.
829 4700 1038 4778 Μενέλαος,
1062 4693 1089 4784 qi
1110 4697 1149 4786 ύη
1170 4698 1261 4764 τύνύε
1282 4699 1383 4762 πλοῦν
1404 4693 1602 4782 ἐστείλαμεν.

426 4835 510 4904 Mihi
548 4834 690 4924 quidem
728 4848 835 4925 poeta
872 4858 917 4904 eo
955 4835 1066 4904 modo
1103 4847 1345 4924 spectatorum
1383 4834 1522 4904 animos
1558 4835 1595 4905 in
1635 4835 1877 4904 Menelaum
1919 4845 2129 4903 convertere

269 4941 430 5011 voluisse
453 4939 600 5025 videtur,
625 4962 704 5009 cum
728 4939 844 5008 minus
861 4951 980 5028 aptum
1003 4937 1138 5024 fuisset,
1155 4939 1185 5008 si
1200 4938 1385 5007 Menelaus
1408 4939 1554 5009 subito
1576 4939 1614 5008 in
1631 4961 1762 5007 scaena
1784 4950 2001 5027 conspectus
2021 4950 2129 5007 esset

426 5044 610 5114 Menelaus
633 5058 751 5114 autern
774 5043 850 5133 ipse
876 5042 1101 5133 praenuntiat
1122 5066 1162 5112 se
1193 5065 1213 5111 e
1236 5032 1368 5112 scaena
1390 5065 1620 5132 egressurum
1642 5065 1723 5112 esse
1746 5040 1799 5109 his
1823 5043 1967 5113 verbis:
