4742 5600
1039 342 1236 403 -4-

213 532 378 620 personis
406 532 443 599 in
471 552 635 599 scaenam
664 527 909 616 progressuris
937 527 1108 595 certiores
1137 526 1236 595 fiunt
1287 527 1396 613 Quod
1426 551 1514 595 vero
1544 529 1598 595 vir
1626 529 1855 597 doctissimus
1884 529 1967 596 dicit
1997 526 2064 594 nisi

213 636 346 704 liberos
367 634 633 725 praenuntiatos
651 656 724 700 non
746 654 828 699 esse
850 653 873 698 a
894 632 1006 699 choro
1016 632 1051 715 ¹),
1074 644 1265 719 propterea
1287 631 1385 719 quod
1408 634 1541 701 chorus
1564 657 1608 701 ex
1625 634 1745 702 liberis
1768 633 1990 723 compositus
2007 631 2063 714 sit,

213 762 363 829 prorsus
384 752 494 821 errat,
524 760 604 805 cum
627 736 710 804 nihil
739 734 892 817 intersit,
922 750 1039 802 utrum
1068 734 1157 802 liber
1180 756 1227 802 an
1256 758 1384 803 servus
1413 736 1449 804 in
1477 760 1643 806 scaenam
1673 740 1834 829 prodeat,
1858 739 1922 805 sed
1945 752 2062 805 utrum

214 847 323 913 homo
346 844 488 911 maioris
514 865 559 910 an
582 840 727 909 minoris
749 838 929 927 dignitatis
951 838 1206 927 gravitatisque
1229 839 1274 905 sit
1295 861 1566 928 progressurus.

367 964 488 1051 ltaque
511 985 591 1030 cum
621 961 763 1048 legeS,
792 958 922 1046 quibus
944 974 1072 1047 poetae
1094 958 1150 1025 usi
1172 958 1258 1039 sint,
1282 960 1380 1026 nullo
1404 974 1508 1048 pacto
1539 963 1679 1050 possint
1707 964 1855 1052 requiri,
1886 984 2063 1043 causas,

215 1071 343 1159 quibus
365 1084 469 1157 poeta
490 1068 526 1134 in
548 1064 699 1133 Aiacis
721 1063 872 1132 fabula
890 1060 1140 1150 componenda
1160 1062 1337 1129 adductus
1359 1064 1421 1145 sit,
1445 1080 1483 1131 ut
1505 1079 1566 1131 aut
1589 1079 1770 1134 actores
1792 1066 2065 1135 introituros

215 1172 556 1264 praenuntiatos
586 1184 646 1236 aut
674 1182 853 1236 actores
882 1187 903 1232 e
937 1187 1067 1232 scaena
1102 1186 1374 1252 egressuros
1415 1192 1496 1236 sese
1531 1193 1614 1237 esse
1649 1172 1809 1239 abituros
1844 1194 2064 1261 praenun-

214 1279 379 1346 tiantes
401 1277 592 1351 induceret,
616 1269 842 1359 indagemus!

368 1378 491 1448 Ulixes
526 1392 562 1445 et
589 1377 749 1445 Minerva
784 1372 1021 1463 praenuntiari
1056 1395 1130 1439 nou
1165 1387 1334 1460 possunt,
1368 1397 1448 1442 cum
1479 1399 1586 1445 nemo
1622 1364 1691 1444 aut
1712 1379 1747 1447 in
1780 1401 1912 1447 scaena
1939 1392 2000 1446 aut
2029 1378 2066 1445 in

216 1485 399 1551 orchestra
425 1483 531 1561 adsit,
561 1498 749 1568 antequam
779 1477 826 1544 illi
856 1476 1061 1565 procedant
1106 1475 1241 1544 Idcirco
1271 1490 1399 1565 poetae
1429 1479 1498 1547 alio
1528 1482 1638 1550 modo
1667 1483 1957 1572 prospiciendum
1980 1495 2066 1565 erat,

215 1609 261 1655 ne
283 1602 503 1675 spectatores
527 1587 572 1653 de
595 1585 661 1652 illis
684 1581 851 1651 indubio
874 1594 1004 1647 essent
1049 1580 1157 1665 Quod
1184 1581 1232 1647 ita
1262 1581 1394 1663 effecit,
1426 1597 1463 1649 ut
1486 1598 1626 1653 actores
1647 1610 1687 1654 se
1717 1587 1817 1677 ipsos
1846 1588 2067 1676 appellantes

215 1691 355 1759 faceret

368 1793 528 1861 Minerva
550 1793 643 1860 enim
668 1789 817 1871 Ulixem,
841 1785 964 1855 Ulixes
985 1785 1181 1854 Minervam
1206 1787 1397 1876 alloquitur
1419 1794 1473 1860 his
1497 1794 1632 1862 verbis:

623 1933 716 1979 vers,
742 1933 769 1978 1.
814 1908 886 1974 'Aci
905 1913 973 1988 μέν,
996 1901 1024 1971 ul
1045 1920 1107 1972 παῖ
1128 1916 1280 1993 Λαρτίου,
1303 1914 1473 1999 ὀέόορκά
1495 1939 1530 1982 σε

814 2018 928 2097 πεῖράν
948 2012 1007 2077 τιν’
1027 2012 1154 2099 ἕχθριῖιν
1173 2012 1315 2099 ἁρπάσαι
1336 2022 1590 2106 θηρώμενον·

814 2122 866 2184 καὶ
888 2128 951 2184 νῦν
971 2117 1027 2184 ε’,τὶ
1049 2133 1213 2208 σκηναῖς
1233 2144 1268 2188 σε
1290 2140 1501 2206 ναυτικαῖς
1522 2126 1600 2214 ὁριῦ

814 2224 961 2303 Αἴαντος,
984 2224 1066 2290 ἔνθα
1085 2230 1173 2308 τάξιν
1194 2226 1326 2317 ἐσχάτην
1347 2231 1419 2313 ἔχει,

816 2332 917 2396 πάλαι
937 2340 1231 2418 κυνηγετοῦντα
1252 2338 1303 2399 καὶ
1324 2342 1600 2423 μετρούμενον

792 2436 883 2529 ,ἴχνη
905 2438 946 2501 τὰ
967 2444 1068 2503 κείνου
1089 2439 1287 2522 νεοχάραχθ’,
1311 2437 1400 2520 ὅπως
1420 2442 1488 2530 ἴσης

815 2542 874 2609 εἴτ’
896 2544 984 2609 {rom
1004 2542 1064 2609 εἴτ’
1085 2544 1142 2609 οἶσι
1164 2543 1261 2611 ἔνδον.

546 2685 582 2738 et
603 2691 695 2737 vers
721 2692 770 2757 14
816 2661 1346 2756 ὦηθέγμ’.’13ἀνας,ηιλτᾶτης
1367 2668 1436 2751 ἐμοὶ
1462 2676 1557 2750 θεῶν,

817 2768 861 2851 ὥς
880 2771 1021 2854 εὖμαένές
1040 2795 1106 2852 σου,
1129 2771 1186 2839 κᾶν
1207 2773 1395 2855 ὕποπτος
1416 2771 1460 2864 ᾗς,
1483 2773 1570 2859 ’ὅμως

816 2879 970 2967 ‹pcirqp'
990 2879 1121 2945 ιῖτσύω
1142 2883 1193 2945 καὶ
1217 2885 1402 2965 ξιναρττάξω
1419 2885 1510 2971 ηρενὶ

812 2988 1030 3067 χαλκοστόμου
1052 2988 1198 3065 κώδωνος
1219 2983 1263 3065 ὦς
1287 2997 1482 3076 Τυρσηνικῆς.

369 3105 440 3191 Qui
463 3106 523 3175 ubi
545 3107 726 3195 paululum
748 3107 916 3176 collocuti
940 3123 1033 3190 sunt,
1055 3108 1218 3177 Minerva
1238 3111 1387 3178 Aiacem
1410 3111 1576 3179 vocando
1599 3110 1635 3177 in
1658 3131 1824 3178 scaenam
1845 3106 2069 3174 introiturum

217 3210 453 3299 praenuntiat:

608 3320 701 3367 vers.
724 3320 776 3388 73
820 3297 976 3364 Αἴαντα
996 3309 1131 3386 φωνῶ·
1153 3313 1287 3381 στεῖχε
1307 3303 1502 3383 σωμάτων
1522 3304 1660 3386 ιτάρος.

610 3429 702 3473 vers.
723 3408 777 3494 89
821 3399 969 3484 ὧοῖτος,
992 3404 1085 3486 Αἴας,
1106 3408 1295 3492 δεύτερόν
1319 3430 1359 3473 σε
1386 3409 1613 3493 προσκαλῶ·

817 3516 850 3574 τί
869 3511 959 3592 βαιὸν
978 3507 1080 3590 olum
1101 3510 1236 3601 ε’ντρέπη
1257 3523 1311 3601 rig·
1332 3517 1516 3596 συμμάχους

217 3630 357 3716 Quibus
378 3630 481 3698 dictis
502 3631 595 3698 Aiax
617 3632 652 3699 in
675 3654 840 3700 scaenam
863 3633 1100 3721 progreditur.
1161 3673 1167 3681 ·

369 3733 470 3801 Haec
491 3735 633 3822 quidem
656 3757 765 3803 causa
791 3736 1064 3830 praenuntiandi
1085 3738 1306 3810 intercedere
1335 3740 1419 3809 mihi
1446 3740 1602 3822 iidetur,
1632 3755 1671 3806 ut
1699 3735 1933 3827 spectantium
1963 3729 2069 3799 animi

218 3837 263 3905 ad
293 3836 440 3904 Aiacem
475 3859 748 3926 progressurum
782 3839 1023 3924 intendantur,
1057 3844 1226 3929 quoniam
1261 3845 1338 3913 eius
1378 3865 1535 3931 persona
1566 3843 1722 3930 reliquas
1756 3839 1929 3928 gratitate
1962 3850 2069 3924 atque

219 3940 388 4029 dignitate
411 3955 564 4029 superat
1929 3951 1931 3956 '

370 4043 490 4132 Atque
513 4059 552 4112 ut
572 4044 665 4112 Aiax
688 4067 948 4133 progressurus
970 4048 1247 4134 praenuntiatur,
1271 4050 1318 4117 ita
1341 4071 1381 4116 se
1404 4048 1580 4116 abiturum
1602 4046 1685 4114 dicit
1707 4046 1763 4113 his
1785 4044 1921 4112 verbis:

588 4189 681 4234 vers.
705 4169 777 4234 116.
818 4174 933 4251 χωρῶ
952 4168 1053 4251 πρὸς
1073 4167 1205 4254 ἔργον·
1230 4169 1345 4258 [τοῦτο]
1368 4172 1417 4235 σοὶ
1438 4169 1469 4234 d’
1490 4167 1629 4256 ἐφίεμαι,

819 4272 938 4337 τοιάνδ’
958 4272 1008 4338 ἀεὶ
1027 4298 1086 4355 μοι
1106 4272 1269 4358 σῦμμαχον
1290 4280 1491 4360 παρεστάναι.

371 4394 497 4482 Neque
520 4418 606 4463 vero
628 4395 769 4464 difficile
791 4411 847 4464 est
872 4397 1061 4483 intellectu,
1091 4422 1156 4466 cur
1177 4399 1270 4466 Aiax
1299 4420 1339 4465 se
1368 4397 1610 4464 discessurum
1640 4416 1722 4462 esse
1752 4387 2069 4481 praenuntiaverit3

218 4520 300 4566 uam
322 4498 407 4586 quid
429 4499 465 4566 in
487 4499 605 4566 animo
627 4500 765 4582 habeat,
787 4501 880 4568 dicat
902 4523 1052 4569 necesse
1074 4517 1140 4584 est,
1163 4517 1202 4569 ut
1226 4502 1284 4569 illa
1304 4502 1415 4567 verba
1441 4520 1522 4567 cum
1546 4497 1598 4580 iis,
1625 4519 1718 4585 quae
1740 4495 1939 4563 Tecmessa
1952 4494 2066 4562 choro

218 4601 326 4691 paulo
348 4617 431 4690 post
453 4601 498 4668 de
512 4601 623 4671 Aiace
644 4603 773 4670 referat
795 4618 1036 4671 conectantur.
1080 4605 1120 4672 ln
1135 4628 1207 4693 qua
1229 4604 1372 4693 quidem
1391 4626 1429 4670 re
1451 4601 1597 4670 minoris
1618 4598 1788 4668 momenti
1804 4620 1886 4666 esse
1902 4596 2068 4686 equidem

220 4706 386 4788 arbitror,
410 4705 508 4795 quod
536 4721 632 4774 actor
661 4729 701 4774 se
730 4707 906 4774 abiturum
936 4730 1018 4776 esse
1049 4710 1290 4798 praenuntiat,
1319 4730 1426 4795 quam
1456 4706 1554 4794 quod
1583 4705 1682 4788 dicit,
1712 4703 1797 4793 quid
1827 4703 1984 4770 facturus
2014 4700 2069 4769 sit

219 4811 405 4880 luteroedit
425 4811 532 4901 igitur
553 4813 641 4880 haec
662 4833 780 4896 causa,
804 4825 843 4878 ut
865 4812 922 4878 illa
944 4812 1037 4880 actio
1060 4835 1142 4879 cum
1165 4827 1339 4901 sequente
1362 4823 1579 4879 conectatur.

372 5021 396 5089 ι)
413 5018 642 5073 rutensem„
660 5035 686 5089 p.
704 5022 731 5075 ε.
